
% Journals

% First the Full Name is given, then the abbreviation used in the AMS Math
% Reviews, with an indication if it could not be found there.
% Note the 2nd overwrites the 1st, so swap them if you want the full name.

 %{AMS}
 @String{AMSTrans = "American Mathematical Society Translations" }
 @String{AMSTrans = "Amer. Math. Soc. Transl." }
 @String{BullAMS = "Bulletin of the American Mathematical Society" }
 @String{BullAMS = "Bull. Amer. Math. Soc." }
 @String{ProcAMS = "Proceedings of the American Mathematical Society" }
 @String{ProcAMS = "Proc. Amer. Math. Soc." }
 @String{TransAMS = "Transactions of the American Mathematical Society" }
 @String{TransAMS = "Trans. Amer. Math. Soc." }

 %ACM
 @String{CACM = "Communications of the {ACM}" }
 @String{CACM = "Commun. {ACM}" }
 @String{CompServ = "Comput. Surveys" }
 @String{JACM = "J. ACM" }
 @String{ACMMathSoft = "{ACM} Transactions on Mathematical Software" }
 @String{ACMMathSoft = "{ACM} Trans. Math. Software" }
 @String{SIGNUM = "{ACM} {SIGNUM} Newsletter" }
 @String{SIGNUM = "{ACM} {SIGNUM} Newslett." }

 @String{AmerSocio = "American Journal of Sociology" }
 @String{AmerStatAssoc = "Journal of the American Statistical Association" }
 @String{AmerStatAssoc = "J. Amer. Statist. Assoc." }
 @String{ApplMathComp = "Applied Mathematics and Computation" }
 @String{ApplMathComp = "Appl. Math. Comput." }
 @String{AmerMathMonthly = "American Mathematical Monthly" }
 @String{AmerMathMonthly = "Amer. Math. Monthly" }
 @String{BIT = "{BIT}" }
 @String{BritStatPsych = "British Journal of Mathematical and Statistical
          Psychology" }
 @String{BritStatPsych = "Brit. J. Math. Statist. Psych." }
 @String{CanMathBull = "Canadian Mathematical Bulletin" }
 @String{CanMathBull = "Canad. Math. Bull." }
 @String{CompApplMath = "Journal of Computational and Applied Mathematics" }
 @String{CompApplMath = "J. Comput. Appl. Math." }
 @String{CompPhys = "Journal of Computational Physics" }
 @String{CompPhys = "J. Comput. Phys." }
 @String{CompStruct = "Computers and Structures" }
 @String{CompStruct = "Comput. \& Structures" }
 @String{CompJour = "The Computer Journal" }
 @String{CompJour = "Comput. J." }
 @String{CompSysSci = "Journal of Computer and System Sciences" }
 @String{CompSysSci = "J. Comput. System Sci." }
 @String{Computing = "Computing" }
 @String{ContempMath = "Contemporary Mathematics" }
 @String{ContempMath = "Contemp. Math." }
 @String{Crelle = "Crelle's Journal" }
 @String{GiornaleMath = "Giornale di Mathematiche" }
 @String{GiornaleMath = "Giorn. Mat." } % didn't find in AMS MR., ibid.

 %IEEE
 @String{Computer = "{IEEE} Computer" }
 @String{IEEETransComp = "{IEEE} Transactions on Computers" }
 @String{IEEETransComp = "{IEEE} Trans. Comput." }
 @String{IEEETransAC = "{IEEE} Transactions on Automatic Control" }
 @String{IEEETransAC = "{IEEE} Trans. Automat. Control" }
 @String{IEEESpec = "{IEEE} Spectrum" } % didn't find in AMS MR
 @String{ProcIEEE = "Proceedings of the {IEEE}" }
 @String{ProcIEEE = "Proc. {IEEE}" } % didn't find in AMS MR
 @String{IEEETransAeroElec = "{IEEE} Transactions on Aerospace and Electronic
     Systems" }
 @String{IEEETransAeroElec = "{IEEE} Trans. Aerospace Electron. Systems" }

 @String{IMANumerAna = "{IMA} Journal of Numerical Analysis" }
 @String{IMANumerAna = "{IMA} J. Numer. Anal." }
 @String{InfProcLet = "Information Processing Letters" }
 @String{InfProcLet = "Inform. Process. Lett." }
 @String{InstMathApp = "Journal of the Institute of Mathematics and
     its Applications" }
 @String{InstMathApp = "J. Inst. Math. Appl." }
 @String{IntControl = "International Journal of Control" }
 @String{IntControl = "Internat. J. Control" }
 @String{IntNumerEng = "International Journal for Numerical Methods in
     Engineering" }
 @String{IntNumerEng = "Internat. J. Numer. Methods Engrg." }
 @String{IntSuper = "International Journal of Supercomputing Applications" }
 @String{IntSuper = "Internat. J. Supercomputing Applic." } % didn't find
%% in AMS MR
 @String{Kibernetika = "Kibernetika" }
 @String{JResNatBurStand = "Journal of Research of the National Bureau
     of Standards" }
 @String{JResNatBurStand = "J. Res. Nat. Bur. Standards" }
 @String{LinAlgApp = "Linear Algebra and its Applications" }
 @String{LinAlgApp = "Linear Algebra Appl." }
 @String{MathAnaAppl = "Journal of Mathematical Analysis and Applications" }
 @String{MathAnaAppl = "J. Math. Anal. Appl." }
 @String{MathAnnalen = "Mathematische Annalen" }
 @String{MathAnnalen = "Math. Ann." }
 @String{MathPhys = "Journal of Mathematical Physics" }
 @String{MathPhys = "J. Math. Phys." }
 @String{MathComp = "Mathematics of Computation" }
 @String{MathComp = "Math. Comp." }
 @String{MathScand = "Mathematica Scandinavica" }
 @String{MathScand = "Math. Scand." }
 @String{TablesAidsComp = "Mathematical Tables and Other Aids to Computation" }
 @String{TablesAidsComp = "Math. Tables Aids Comput." }
 @String{NumerMath = "Numerische Mathematik" }
 @String{NumerMath = "Numer. Math." }
 @String{PacificMath = "Pacific Journal of Mathematics" }
 @String{PacificMath = "Pacific J. Math." }
 @String{ParDistComp = "Journal of Parallel and Distributed Computing" }
 @String{ParDistComp = "J. Parallel and Distrib. Comput." } % didn't find
%% in AMS MR
 @String{ParComputing = "Parallel Computing" }
 @String{ParComputing = "Parallel Comput." }
 @String{PhilMag = "Philosophical Magazine" }
 @String{PhilMag = "Philos. Mag." }
 @String{ProcNAS = "Proceedings of the National Academy of Sciences
                    of the USA" }
 @String{ProcNAS = "Proc. Nat. Acad. Sci. U. S. A." }
 @String{Psychometrika = "Psychometrika" }
 @String{QuartMath = "Quarterly Journal of Mathematics, Oxford, Series (2)" }
 @String{QuartMath = "Quart. J. Math. Oxford Ser. (2)" }
 @String{QuartApplMath = "Quarterly of Applied Mathematics" }
 @String{QuartApplMath = "Quart. Appl. Math." }
 @String{RevueInstStat = "Review of the International Statisical Institute" }
 @String{RevueInstStat = "Rev. Inst. Internat. Statist." }

 %SIAM
 @String{JSIAM = "Journal of the Society for Industrial and Applied
     Mathematics" }
 @String{JSIAM = "J. Soc. Indust. Appl. Math." }
 @String{JSIAMB = "Journal of the Society for Industrial and Applied
     Mathematics, Series B, Numerical Analysis" }
 @String{JSIAMB = "J. Soc. Indust. Appl. Math. Ser. B Numer. Anal." }
 @String{SIAMAlgMeth = "{SIAM} Journal on Algebraic and Discrete Methods" }
 @String{SIAMAlgMeth = "{SIAM} J. Algebraic Discrete Methods" }
 @String{SIAMAppMath = "{SIAM} Journal on Applied Mathematics" }
 @String{SIAMAppMath = "{SIAM} J. Appl. Math." }
 @String{SIAMComp = "{SIAM} Journal on Computing" }
 @String{SIAMComp = "{SIAM} J. Comput." }
 @String{SIAMMatrix = "{SIAM} Journal on Matrix Analysis and Applications" }
 @String{SIAMMatrix = "{SIAM} J. Matrix Anal. Appl." }
 @String{SIAMNumAnal = "{SIAM} Journal on Numerical Analysis" }
 @String{SIAMNumAnal = "{SIAM} J. Numer. Anal." }
 @String{SIAMReview = "{SIAM} Review" }
 @String{SIAMReview = "{SIAM} Rev." }
 @String{SIAMSciStat = "{SIAM} Journal on Scientific and Statistical
     Computing" }
 @String{SIAMSciStat = "{SIAM} J. Sci. Statist. Comput." }

 @String{SoftPracExp = "Software Practice and Experience" }
 @String{SoftPracExp = "Software Prac. Experience" } % didn't find in AMS MR
 @String{StatScience = "Statistical Science" }
 @String{StatScience = "Statist. Sci." }
 @String{Techno = "Technometrics" }
 @String{USSRCompMathPhys = "{USSR} Computational Mathematics and Mathematical
     Physics" }
 @String{USSRCompMathPhys = "{U. S. S. R.} Comput. Math. and Math. Phys." }
 @String{VLSICompSys = "Journal of {VLSI} and Computer Systems" }
 @String{VLSICompSys = "J. {VLSI} Comput. Syst." }
 @String{ZAngewMathMech = "Zeitschrift fur Angewandte Mathematik und
     Mechanik" }
 @String{ZAngewMathMech = "Z. Angew. Math. Mech." }
 @String{ZAngewMathPhys = "Zeitschrift fur Angewandte Mathematik und Physik" }
 @String{ZAngewMathPhys = "Z. Angew. Math. Phys." }

% Publishers % ================================================= |

 @String{Academic = "Academic Press" }
 @String{ACMPress = "{ACM} Press" }
 @String{AdamHilger = "Adam Hilger" }
 @String{AddisonWesley = "Addison-Wesley" }
 @String{AllynBacon = "Allyn and Bacon" }
 @String{AMS = "American Mathematical Society" }
 @String{Birkhauser = "Birkha{\"u}ser" }
 @String{CambridgePress = "Cambridge University Press" }
 @String{Chelsea = "Chelsea" }
 @String{ClaredonPress = "Claredon Press" }
 @String{DoverPub = "Dover Publications" }
 @String{Eyolles = "Eyolles" }
 @String{HoltRinehartWinston = "Holt, Rinehart and Winston" }
 @String{Interscience = "Interscience" }
 @String{JohnsHopkinsPress = "The Johns Hopkins University Press" }
 @String{JohnWileySons = "John Wiley and Sons" }
 @String{Macmillan = "Macmillan" }
 @String{MathWorks = "The Math Works Inc." }
 @String{McGrawHill = "McGraw-Hill" }
 @String{NatBurStd = "National Bureau of Standards" }
 @String{NorthHolland = "North-Holland" }
 @String{OxfordPress = "Oxford University Press" }  %address Oxford or London?
 @String{PergamonPress = "Pergamon Press" }
 @String{PlenumPress = "Plenum Press" }
 @String{PrenticeHall = "Prentice-Hall" }
 @String{SIAMPub = "{SIAM} Publications" }
 @String{Springer = "Springer-Verlag" }
 @String{TexasPress = "University of Texas Press" }
 @String{VanNostrand = "Van Nostrand" }
 @String{WHFreeman = "W. H. Freeman and Co." }

%Entries

@Article{Abril07,
  author        = "Patricia S. Abril and Robert Plant",
  title         = "The patent holder's dilemma: Buy, sell, or troll?",
  journal       = "Communications of the ACM",
  volume        = "50",
  number        = "1",
  month         = jan,
  year          = "2007",
  pages         = "36--44"
}

@Article{Cohen07,
  author        = "Sarah Cohen and Werner Nutt and Yehoshua Sagic",
  title         = "Deciding equivalances among conjunctive aggregate queries",
  journal       = JACM,
  articleno     = 5,
  numpages      = 50,
  volume        = 54,
  number        = 2,
  month         = apr,
  year          = 2007,
  doi           = "10.1145/1219092.1219093",
  url           = "http://doi.acm.org/10.1145/1219092.1219093",
  acmid         = 1219093,
}


@periodical{JCohen96,
  key =          "Cohen",
  editor =       "Jacques Cohen",
  title =        "Special issue: Digital Libraries",
  journal =      CACM,
  volume =       "39",
  number =       "11",
  month =        nov,
  year =         "1996",
}


@Book{Kosiur01,
  author =       "David Kosiur",
  title =        "Understanding Policy-Based Networking",
  publisher =    "Wiley",
  year =         "2001",
  address =      "New York, NY",
  edition =      "2nd.",
  editor =       "",
  volume =       "",
  number =       "",
  series =       "",
  month =        "",
  note =         "",
}


@Book{Harel79,
  author =       "David Harel",
  year =         "1979",
  title =        "First-Order Dynamic Logic",
  series =       "Lecture Notes in Computer Science",
  volume =       "68",
  address =      "New York, NY",
  publisher =    "Springer-Verlag",
  doi =          "10.1007/3-540-09237-4",
  url =          "http://dx.doi.org/10.1007/3-540-09237-4",
  editor =       "",
  number =       "",
  month =        "",
  note =         "",
}


@Inbook{Editor00,
  author =       "",
  editor =       "Ian Editor",
  title =        "The title of book one",
  subtitle =     "The book subtitle",
  series =       "The name of the series one",
  year =         "2007",
  volume =       "9",
  address =      "Chicago",
  edition =      "1st.",
  publisher =    "University of Chicago Press",
  doi =          "10.1007/3-540-09237-4",
  url =          "http://dx.doi.org/10.1007/3-540-09456-9",
  chapter =      "",
  pages =        "",
  number =       "",
  type =         "",
  month =        "",
  note =         "",
}

%
@InBook{Editor00a,
  author =       "",
  editor =       "Ian Editor",
  title =        "The title of book two",
  subtitle =     "The book subtitle",
  series =       "The name of the series two",
  year =         "2008",
  address =      "Chicago",
  edition =      "2nd.",
  publisher =    "University of Chicago Press",
  doi =          "10.1007/3-540-09237-4",
  url =          "http://dx.doi.org/10.1007/3-540-09456-9",
  volume =       "",
  chapter =      "100",
  pages =        "",
  number =       "",
  type =         "",
  month =        "",
  note =         "",
}


% incollection (has an editor, title, and possibly a booktitle)
@Incollection{Spector90,
  author =       "Asad Z. Spector",
  title =        "Achieving application requirements",
  booktitle =    "Distributed Systems",
  publisher =    "ACM Press",
  address =      "New York, NY",
  year =         "1990",
  edition =      "2nd.",
  chapter =      "",
  editor =       "Sape Mullender",
  pages =        "19--33",
  doi =          "10.1145/90417.90738",
  url =          "http://doi.acm.org/10.1145/90417.90738",
  volume =       "",
  number =       "",
  series =       "",
  type =         "",
  month =        "",
  note =         "",
}


% incollection (has an editor, title, and possibly a booktitle)
@Incollection{Douglass98,
  author =       "Bruce P. Douglass and David Harel and Mark B. Trakhtenbrot",
  title =        "Statecarts in use: structured analysis and object-orientation",
  series =       "Lecture Notes in Computer Science",
  booktitle =    "Lectures on Embedded Systems",
  publisher =    "Springer-Verlag",
  address =      "London",
  volume =       "1494",
  year =         "1998",
  chapter =      "",
  editor =       "Grzegorz Rozenberg and Frits W. Vaandrager",
  pages =        "368--394",
  doi =          "10.1007/3-540-65193-4_29",
  url =          "http://dx.doi.org/10.1007/3-540-65193-4_29",
  edition =      "",
  number =       "",
  type =         "",
  month =        "",
  note =         "",
}


@Book{Knuth97,
  author =       "Donald E. Knuth",
  title =        "The Art of Computer Programming, Vol. 1: Fundamental Algorithms (3rd. ed.)",
  publisher =    "Addison Wesley Longman Publishing Co., Inc.",
  year =         "1997",
  address =      "",
  edition =      "",
  editor =       "",
  volume =       "",
  number =       "",
  series =       "",
  month =        "",
  note =         "",
}


@Book{Knuth98,
  author =       "Donald E. Knuth",
  year =         "1998",
  title =        "The Art of Computer Programming",
  series =       "Fundamental Algorithms",
  volume =       "1",
  edition =      "3rd",
  address =      "",
  publisher =    "Addison Wesley Longman Publishing Co., Inc.",
  doi =          "",
  url =          "",
  editor =       "",
  number =       "",
  month =        "",
  note =         "(book)",
}

%Inbook{Knuth97,
%  author =       "Donald E. Knuth",
%  title =        "The Art of Computer Programming",
%  booktitle =    "the booktitle",
%  edition =      "3",
%  volume =       "1",
%  year =         "1997",
%  publisher =    "Addison Wesley Longman Publishing Co., Inc.",
%  editor =       "",
%  number =       "",
%  series =       "Fundamental Algorithms",
%  type =         "",
%  chapter =      "",
%  pages =        "",
%  address =      "",
%  month =        "",
%  note =         "(inbook)",
%}

%INBOOK{DK:73-inbook-full,
%   author = "Donald E. Knuth",
%   title = "Fundamental Algorithms (inbook w series)",
%   volume = 1,
%   series = "The Art of Computer Programming",
%   publisher = "Addison-Wesley",
%   address = "Reading, Massachusetts",
%   edition = "Second",
%   month = "10~" # jan,
%   year = "1973",
%   type = "Section",
%   chapter = "1.2",
%   pages = "10--119",
%   note = "Full INBOOK entry (w series)",
%}

%INcollection{DK:74-incoll,
%   author = "Donald E. Knuth",
%   title = "Fundamental Algorithms (incoll)",
%   volume = 1,
%   booktitle = "The Art of Computer Programming",
%   publisher = "Addison-Wesley",
%   address = "Reading, Massachusetts",
%   month = "10~" # jan,
%   year = "1974",
%   pages = "10--119",
%   editor = "Bernard Rous",
%   note = "This is a full incoll entry with an editor",
%}

%INcollection{DK:75-incollws,
%   author = "Donald E. Knuth",
%   title = "Fundamental Algorithms (incoll w series)",
%   volume = 1,
%   booktitle = "The Art of Computer Programming",
%   series = "The Art of Computer Programming",
%   publisher = "Addison-Wesley",
%   address = "Reading, Massachusetts",
%   month = "10~" # jan,
%   year = "1975",
%   pages = "10--119",
%   editor = "Bernard Rous",
%   note = "This is a full incoll entry with an editor and series",
%}


@incollection{GM05,
Author= "Dan Geiger and Christopher Meek",
Title= "Structured Variational Inference Procedures and their Realizations (as incol)",
Year= 2005,
Booktitle="Proceedings of Tenth International Workshop on Artificial Intelligence and Statistics, {\rm The Barbados}",
Publisher="The Society for Artificial Intelligence and Statistics",
Month= jan,
Editors= "Z. Ghahramani and R. Cowell"
}

@Inproceedings{Smith10,
  author =       "Stan W. Smith",
  title =        "An experiment in bibliographic mark-up: Parsing metadata for XML export",
  booktitle =    "Proceedings of the 3rd. annual workshop on Librarians and Computers",
  series =       "LAC '10",
  editor =       "Reginald N. Smythe and Alexander Noble",
  volume =       "3",
  year =         "2010",
  publisher =    "Paparazzi Press",
  address =      "Milan Italy",
  pages =        "422--431",
  doi =          "99.9999/woot07-S422",
  url =          "http://dx.doi.org/99.0000/woot07-S422",
  number =       "",
  month =        "",
  organization = "",
  note =         "",
}

@Inproceedings{VanGundy07,
  author =       "Matthew Van Gundy and Davide Balzarotti and Giovanni Vigna",
  year =         2007,
  title =        "Catch me, if you can: Evading network signatures with web-based polymorphic worms",
  booktitle =    "Proceedings of the first USENIX workshop on Offensive Technologies",
  series =       "WOOT '07",
  publisher =    "USENIX Association",
  address =      "Berkley, CA",
  articleno =    {Paper 7},
  numpages =     9,
}

@Inproceedings{VanGundy08,
  author =       "Matthew Van Gundy and Davide Balzarotti and Giovanni Vigna",
  year =         2008,
  title =        "Catch me, if you can: Evading network signatures with web-based polymorphic worms",
  booktitle =    "Proceedings of the first USENIX workshop on Offensive Technologies",
  series =       "WOOT '08",
  publisher =    "USENIX Association",
  address =      "Berkley, CA",
  articleno =    7,
  numpages =     2,
  pages =        "99-100",
}

@Inproceedings{VanGundy09,
  author =       "Matthew Van Gundy and Davide Balzarotti and Giovanni Vigna",
  year =         2009,
  title =        "Catch me, if you can: Evading network signatures with web-based polymorphic worms",
  booktitle =    "Proceedings of the first USENIX workshop on Offensive Technologies",
  series =       "WOOT '09",
  publisher =    "USENIX Association",
  address =      "Berkley, CA",
  pages =        "90--100",
}

@Inproceedings{Andler79,
  author =       "Sten Andler",
  title =        "Predicate Path expressions",
  booktitle =    "Proceedings of the 6th. ACM SIGACT-SIGPLAN symposium on Principles of Programming Languages",
  series =       "POPL '79",
  year =         "1979",
  publisher =    "ACM Press",
  address =      "New York, NY",
  pages =        "226--236",
  doi =          "10.1145/567752.567774",
  url =          "http://doi.acm.org/10.1145/567752.567774",
  editor =       "",
  volume =       "",
  number =       "",
  month =        "",
  organization = "",
  note =         "",
}

@Techreport{Harel78,
  author =       "David Harel",
  year =         "1978",
  title =        "LOGICS of Programs: AXIOMATICS and DESCRIPTIVE POWER",
  institution =  "Massachusetts Institute of Technology",
  type =         "MIT Research Lab Technical Report",
  number =       "TR-200",
  address =      "Cambridge, MA",
  month =        "",
  note =         "",
}

@MASTERSTHESIS{anisi03,
author = {David A. Anisi},
title = {Optimal Motion Control of a Ground Vehicle},
school = {Royal Institute of Technology (KTH), Stockholm, Sweden},
intitution = {FOI-R-0961-SE, Swedish Defence Research Agency (FOI)},
year = {2003},
}


@Phdthesis{Clarkson85,
  author =       "Kenneth L. Clarkson",
  year =         "1985",
  title =        "Algorithms for Closest-Point Problems (Computational Geometry)",
  school =       "Stanford University",
  address =      "Palo Alto, CA",
  note =         "UMI Order Number: AAT 8506171",
  type =         "",
  month =        "",
}


@online{Thornburg01,
  author =       "Harry Thornburg",
  year =         "2001",
  title =        "Introduction to Bayesian Statistics",
  url =          "http://ccrma.stanford.edu/~jos/bayes/bayes.html",
  month =        mar,
  lastaccessed = "March 2, 2005",
}


@online{Ablamowicz07,
  author =       "Rafal Ablamowicz and Bertfried Fauser",
  year =         "2007",
  title =        "CLIFFORD: a Maple 11 Package for Clifford Algebra Computations, version 11",
  url =          "http://math.tntech.edu/rafal/cliff11/index.html",
  lastaccessed = "February 28, 2008",
}


@misc{Poker06,
  author =       "Poker-Edge.Com",
  year =         "2006",
  month =        mar,
  title =        "Stats and Analysis",
  lastaccessed = "June 7, 2006",
  url =          "http://www.poker-edge.com/stats.php",
}

@misc{Obama08,
  author        = "Barack Obama",
  year          = "2008",
  title         = "A more perfect union",
  howpublished  = "Video",
  day           = "5",
  url           = "http://video.google.com/videoplay?docid=6528042696351994555",
  month         = mar,
  lastaccessed  = "March 21, 2008",
  note          =  "",
}

@misc{JoeScientist001,
  author =       "Joseph Scientist",
  year =         "2009",
  title =        "The fountain of youth",
  note =         "Patent No. 12345, Filed July 1st., 2008, Issued Aug. 9th., 2009",
  url =          "",
  howpublished = "",
  month =        aug,
  lastaccessed = "",
}


@Inproceedings{Novak03,
  author =       "Dave Novak",
  title =        "Solder man",
  booktitle =    "ACM SIGGRAPH 2003 Video Review on Animation theater Program: Part I - Vol. 145 (July 27--27, 2003)",
  year =         "2003",
  publisher =    "ACM Press",
  address =      "New York, NY",
  pages =        "4",
  month =        "March 21, 2008",
  doi =          "99.9999/woot07-S422",
  url =          "http://video.google.com/videoplay?docid=6528042696351994555",
  note =         "",
  howpublished = "Video",
  editor =       "",
  volume =       "",
  number =       "",
  series =       "",
  organization = "",
  distinctURL = 1
}


@article{Lee05,
  author =       "Newton Lee",
  year =         "2005",
  title =        "Interview with Bill Kinder: January 13, 2005",
  journal =      "Comput. Entertain.",
  eid =          "4",
  volume =       "3",
  number =       "1",
  month =        "Jan.-March",
  doi =          "10.1145/1057270.1057278",
  url =          "http://doi.acm.org/10.1145/1057270.1057278",
  howpublished = "Video",
  note =         "",
}

@article{rous08,
  author =       "Bernard Rous",
  year =         "2008",
  title =        "The Enabling of Digital Libraries",
  journal =      "Digital Libraries",
  volume =       "12",
  number =       "3",
  month =        jul,
  articleno =    "Article~5",
  doi =          "",
  url =          "",
  howpublished = "",
  note =         "To appear",
}

@article{384253,
 author = {Werneck,, Renato and Setubal,, Jo\~{a}o and da Conceic\~{a}o,, Arlindo},
 title = {(old) Finding minimum congestion spanning trees},
 journal = {J. Exp. Algorithmics},
 volume = {5},
 year = {2000},
 issn = {1084-6654},
 pages = {11},
 doi = {http://doi.acm.org/10.1145/351827.384253},
 publisher = {ACM},
 address = {New York, NY, USA},
 }


@article{Werneck:2000:FMC:351827.384253,
 author = {Werneck, Renato and Setubal, Jo\~{a}o and da Conceic\~{a}o, Arlindo},
 title = {(new) Finding minimum congestion spanning trees},
 journal = {J. Exp. Algorithmics},
 volume = 5,
 month = dec,
 year = 2000,
 issn = {1084-6654},
 articleno = 11,
 url = {http://portal.acm.org/citation.cfm?id=351827.384253},
 doi = {10.1145/351827.384253},
 acmid = 384253,
 publisher = {ACM},
 address = {New York, NY, USA},
}

@article{1555162,
 author = {Conti, Mauro and Di Pietro, Roberto and Mancini, Luigi V. and Mei, Alessandro},
 title = {(old) Distributed data source verification in wireless sensor networks},
 journal = {Inf. Fusion},
 volume = {10},
 number = {4},
 year = {2009},
 issn = {1566-2535},
 pages = {342--353},
 doi = {http://dx.doi.org/10.1016/j.inffus.2009.01.002},
 publisher = {Elsevier Science Publishers B. V.},
 address = {Amsterdam, The Netherlands, The Netherlands},
 }

@article{Conti:2009:DDS:1555009.1555162,
 author = {Conti, Mauro and Di Pietro, Roberto and Mancini, Luigi V. and Mei, Alessandro},
 title = {(new) Distributed data source verification in wireless sensor networks},
 journal = {Inf. Fusion},
 volume = {10},
 number = {4},
 month = oct,
 year = {2009},
 issn = {1566-2535},
 pages = {342--353},
 numpages = {12},
 url = {http://portal.acm.org/citation.cfm?id=1555009.1555162},
 doi = {10.1016/j.inffus.2009.01.002},
 acmid = {1555162},
 publisher = {Elsevier Science Publishers B. V.},
 address = {Amsterdam, The Netherlands, The Netherlands},
 keywords = {Clone detection, Distributed protocol, Securing data fusion, Wireless sensor networks},
}

@inproceedings{Li:2008:PUC:1358628.1358946,
 author = {Li, Cheng-Lun and Buyuktur, Ayse G. and Hutchful, David K. and Sant, Natasha B. and Nainwal, Satyendra K.},
 title = {Portalis: using competitive online interactions to support aid initiatives for the homeless},
 booktitle = {CHI '08 extended abstracts on Human factors in computing systems},
 year = {2008},
 isbn = {978-1-60558-012-X},
 location = {Florence, Italy},
 pages = {3873--3878},
 numpages = {6},
 url = {http://portal.acm.org/citation.cfm?id=1358628.1358946},
 doi = {10.1145/1358628.1358946},
 acmid = {1358946},
 publisher = {ACM},
 address = {New York, NY, USA},
 keywords = {cscw, distributed knowledge acquisition, incentive design, online games, recommender systems, reputation systems, user studies, virtual community},
}

@book{Hollis:1999:VBD:519964,
 author = {Hollis, Billy S.},
 title = {Visual Basic 6: Design, Specification, and Objects with Other},
 year = {1999},
 isbn = {0130850845},
 edition = {1st},
 publisher = {Prentice Hall PTR},
 address = {Upper Saddle River, NJ, USA},
 }


@book{Goossens:1999:LWC:553897,
 author = {Goossens, Michel and Rahtz, S. P. and Moore, Ross and Sutor, Robert S.},
 title = {The  Latex Web Companion: Integrating TEX, HTML, and XML},
 year = {1999},
 isbn = {0201433117},
 edition = {1st},
 publisher = {Addison-Wesley Longman Publishing Co., Inc.},
 address = {Boston, MA, USA},
 }

% need to test genres for errant isbn output

% techreport
@techreport{897367,
 author = {Buss, Jonathan F. and Rosenberg, Arnold L. and Knott, Judson D.},
 title = {Vertex Types in Book-Embeddings},
 year = {1987},
 source = {http://www.ncstrl.org:8900/ncstrl/servlet/search?formname=detail\&id=oai%3Ancstrlh%3Aumass_cs%3Ancstrl.umassa_cs%2F%2FUM-CS-1987-018},
 publisher = {University of Massachusetts},
 address = {Amherst, MA, USA},
 }

@techreport{Buss:1987:VTB:897367,
 author = {Buss, Jonathan F. and Rosenberg, Arnold L. and Knott, Judson D.},
 title = {Vertex Types in Book-Embeddings},
 year = {1987},
 source = {http://www.ncstrl.org:8900/ncstrl/servlet/search?formname=detail\&id=oai%3Ancstrlh%3Aumass_cs%3Ancstrl.umassa_cs%2F%2FUM-CS-1987-018},
 publisher = {University of Massachusetts},
 address = {Amherst, MA, USA},
 }

% whole proceedings

@proceedings{Czerwinski:2008:1358628,
 author = {},
 note = {General Chair-Czerwinski, Mary and General Chair-Lund, Arnie and Program Chair-Tan, Desney},
 title = {CHI '08: CHI '08 extended abstracts on Human factors in computing systems},
 year = {2008},
 isbn = {978-1-60558-012-X},
 location = {Florence, Italy},
 order_no = {608085},
 publisher = {ACM},
 address = {New York, NY, USA},
 }

% phdthesis

@phdthesis{Clarkson:1985:ACP:911891,
 author = {Clarkson, Kenneth Lee},
 advisor = {Yao, Andrew C.},
 title = {Algorithms for Closest-Point Problems (Computational Geometry)},
 year = {1985},
 note = {AAT 8506171},
 school = {Stanford University},
 address = {Stanford, CA, USA},
 }
% school is being picked up -- but not publisher (which is OK)
% Also -- the title is NOT being output in italics !!! Arrrrgh! - I fixed it. :-)


%%% compare with 'old'
%%% atsign-Phdthesis{Clarkson85,
%%%  author =       "Kenneth L. Clarkson",
%%%  year =         "1985",
%%%  title =        "Algorithms for Closest-Point Problems (Computational Geometry)",
%%%  school =       "Stanford University",
%%%  address =      "Palo Alto, CA",
%%%  note =         "UMI Order Number: AAT 8506171",
%%%  type =         "",
%%%  month =        "",
%%%}

% A bibliography
@Article{1984:1040142,
 key = {{$\!\!$}},
 journal = {SIGCOMM Comput. Commun. Rev.},
 year = {1984},
 issn = {0146-4833},
 volume = {13-14},
 number = {5-1},
 issue_date = {January/April 1984},
 publisher = {ACM},
 address = {New York, NY, USA},
 }


% grinder
@inproceedings{2004:ITE:1009386.1010128,
 key = {IEEE},
 title = {IEEE TCSC Executive Committee},
 booktitle = {Proceedings of the IEEE International Conference on Web Services},
 series = {ICWS '04},
 year = {2004},
 isbn = {0-7695-2167-3},
 pages = {21--22},
 url = {http://dx.doi.org/10.1109/ICWS.2004.64},
 doi = {http://dx.doi.org/10.1109/ICWS.2004.64},
 acmid = {1010128},
 publisher = {IEEE Computer Society},
 address = {Washington, DC, USA},
}

% div book
@book{Mullender:1993:DS:302430,
 editor = {Mullender, Sape},
 title = {Distributed systems (2nd Ed.)},
 year = {1993},
 isbn = {0-201-62427-3},
 publisher = {ACM Press/Addison-Wesley Publishing Co.},
 address = {New York, NY, USA},
 }

% master thesis (as techreport and thesis)

@techreport{Petrie:1986:NAD:899644,
 author = {Petrie, Charles J.},
 title = {New Algorithms for Dependency-Directed Backtracking (Master's thesis)},
 year = {1986},
 source = {http://www.ncstrl.org:8900/ncstrl/servlet/search?formname=detail\&id=oai%3Ancstrlh%3Autexas_cs%3AUTEXAS_CS%2F%2FAI86-33},
 publisher = {University of Texas at Austin},
 address = {Austin, TX, USA},
 }

@MASTERSTHESIS{Petrie:1986:NAD:12345,
 author = {Petrie, Charles J.},
 title = {New Algorithms for Dependency-Directed Backtracking (Master's thesis)},
 year = {1986},
 source = {http://www.ncstrl.org:8900/ncstrl/servlet/search?formname=detail\&id=oai%3Ancstrlh%3Autexas_cs%3AUTEXAS_CS%2F%2FAI86-33},
 school = {University of Texas at Austin},
 address = {Austin, TX, USA},
 }




@BOOK{book-minimal,
   author = "Donald E. Knuth",
   title = "Seminumerical Algorithms",
   publisher = "Addison-Wesley",
   year = "1981",
}

% incollection (has an editor, title, and possibly a booktitle)
@INcollection{KA:2001,
 author = {Kong, Wei-Chang},
 Title = {The implementation of electronic commerce in SMEs in Singapore (as Incoll)},
 booktitle = {E-commerce and cultural values},
 year = {2001},
 isbn = {1-59140-056-2},
 pages = {51--74},
 numpages = {24},
 url = {http://portal.acm.org/citation.cfm?id=887006.887010},
 acmid = {887010},
 publisher = {IGI Publishing},
 address = {Hershey, PA, USA},
}


% with bibfield 'type' before chapter (note no editor)
@INBOOK{KAGM:2001,
 author = {Kong, Wei-Chang},
 type = {Name of Chapter:},
 chapter = {The implementation of electronic commerce in SMEs in Singapore (Inbook-w-chap-w-type)},
 title = {E-commerce and cultural values},
 year = {2001},
 isbn = {1-59140-056-2},
 pages = {51--74},
 numpages = {24},
 url = {http://portal.acm.org/citation.cfm?id=887006.887010},
 acmid = {887010},
 publisher = {IGI Publishing},
 address = {Hershey, PA, USA},
}

%%% Notes! This is because the atsign-INBOOK citation type specifies EITHER
%%% editor or author, but not both. In my experiments with the harvard/dcu
%%% bibtex style (and presumably this applies to other styles too), bibtex
%%% ignores the editor information if author information exists in an
%%% atsign-INBOOK entry. atsign-INCOLLECTION is far more commonly used in my references,
%%% and in the absence of an editor I believe most bibtex styles will just
%%% ommit the editor from the reference - the chapter information will not
%%% end up in the in-text citation as you suggest it should be but at least
%%% there is a place to put the editor if necessary.



% was 'Inbook' -- changed to incollection - (editor is different to author) - need to tell Asad to codify as such.
@incollection{Kong:2002:IEC:887006.887010,
  author =      {Kong, Wei-Chang},
  editor =      {Theerasak Thanasankit},
  title =       {Chapter 9},
  booktitle =   {E-commerce and cultural values (Incoll-w-text (chap 9) 'title')},
  year =        {2002},
  address =     {Hershey, PA, USA},
  publisher =   {IGI Publishing},
  url =         {http://portal.acm.org/citation.cfm?id=887006.887010},
  pages =       {51--74},
  numpages =    {24},
  acmid =       {887010},
  isbn =        {1-59140-056-2},
  number =      "",
  type =        "",
  month =       "",
  note =        "",
}

% incol when the chapter is 'text' - due to presence of editor (different to author)
@incollection{Kong:2003:IEC:887006.887011,
 author = {Kong, Wei-Chang},
 title = {The implementation of electronic commerce in SMEs in Singapore (Incoll)},
 booktitle = {E-commerce and cultural values},
 editor = {Thanasankit, Theerasak},
 year = {2003},
 isbn = {1-59140-056-2},
 pages = {51--74},
 numpages = {24},
 url = {http://portal.acm.org/citation.cfm?id=887006.887010},
 acmid = {887010},
 publisher = {IGI Publishing},
 address = {Hershey, PA, USA},
}

% ------ test
%incollection{Kong:2003:IEC:887006.887010,
% author = {Kong, Wei-Chang},
% chapter = {The implementation of electronic commerce in SMEs in Singapore (Incoll-text-in-chap)},
% booktitle = {booktitle E-commerce and cultural values},
% title =   {The title},
% editor = {Thanasankit, Theerasak},
% year = {2003},
% isbn = {1-59140-056-2},
% pages = {51--74},
% numpages = {24},
% url = {http://portal.acm.org/citation.cfm?id=887006.887010},
% acmid = {887010},
% publisher = {IGI Publishing},
% address = {Hershey, PA, USA},
%}


% ---------





% Need inbook with num in chapter

% and inbook with number in chapter
@InBook{Kong:2004:IEC:123456.887010,
  author =      {Kong, Wei-Chang},
  editor =      {Theerasak Thanasankit},
  title =       {E-commerce and cultural values - (InBook-num-in-chap)},
  chapter =     {9},
  year =        {2004},
  address =     {Hershey, PA, USA},
  publisher =   {IGI Publishing},
  url =         {http://portal.acm.org/citation.cfm?id=887006.887010},
  pages =       {51--74},
  numpages =    {24},
  acmid =       {887010},
  isbn =        {1-59140-056-2},
  number =      "",
  type =        "",
  month =       "",
  note =        "",
}


% and inbook with text in chapter
@Inbook{Kong:2005:IEC:887006.887010,
  author =      {Kong, Wei-Chang},
  editor =      {Theerasak Thanasankit},
  title =       {E-commerce and cultural values (Inbook-text-in-chap)},
  chapter =     {The implementation of electronic commerce in SMEs in Singapore},
  year =        {2005},
  address =     {Hershey, PA, USA},
  publisher =   {IGI Publishing},
  url =         {http://portal.acm.org/citation.cfm?id=887006.887010},
  type =        {Chapter:},
  pages =       {51--74},
  numpages =    {24},
  acmid =       {887010},
  isbn =        {1-59140-056-2},
  number =      "",
  month =       "",
  note =        "",
}


% and inbook with a num and type field
@Inbook{Kong:2006:IEC:887006.887010,
  author =      {Kong, Wei-Chang},
  editor =      {Theerasak Thanasankit},
  title =       {E-commerce and cultural values (Inbook-num chap)},
  chapter =     {22},
  year =        {2006},
  address =     {Hershey, PA, USA},
  publisher =   {IGI Publishing},
  url =         {http://portal.acm.org/citation.cfm?id=887006.887010},
  type =        {Chapter (in type field)},
  pages =       {51--74},
  numpages =    {24},
  acmid =       {887010},
  isbn =        {1-59140-056-2},
  number =      "",
  month =       "",
  note =        "",
}


% and incol coz we have a BLANK chapter - due to presence of editor
%atIncollection{Kong:2006:IEC:887006.887011,
%  author =     {Kong, Wei-Chang},
%  editor =     {Theerasak Thanasankit},
%  title =      "The title"
%  booktitle =  {E-commerce and cultural values (Incol-coz-blank-chap)},
%  year =       {2006},
%  address =    {Hershey, PA, USA},
%  publisher =  {IGI Publishing},
%  url =        {http://portal.acm.org/citation.cfm?id=887006.887010},
%  type =       {Type!},
%  chapter =    {},
%  pages =      {51--74},
%  numpages =   {24},
%  acmid =      {887010},
%  isbn =       {1-59140-056-2},
%  number =     "",
%  month =      "",
%  note =       "",
%}

@article{SaeediMEJ10,
            author = {Mehdi Saeedi and Morteza Saheb Zamani and Mehdi Sedighi},
            title = {A library-based synthesis methodology for reversible logic},
            journal = {Microelectron. J.},
            volume = {41},
            number = {4},
            month = apr,
            year = {2010},
            pages = {185--194},
}

@ARTICLE{SaeediJETC10,
            author = {Mehdi Saeedi and Morteza Saheb Zamani and Mehdi Sedighi and Zahra Sasanian},
            title = {Synthesis of Reversible Circuit Using Cycle-Based Approach},
            journal = {J. Emerg. Technol. Comput. Syst.},
            volume = {6},
            number = {4},
            month = dec,
            year = {2010}
            }

% Asad's new version
@article{Kirschmer:2010:AEI:1958016.1958018,
 author = {Kirschmer, Markus and Voight, John},
 title = {Algorithmic Enumeration of Ideal Classes for Quaternion Orders},
 journal = {SIAM J. Comput.},
 issue_date = {January 2010},
 volume = {39},
 number = {5},
 month = jan,
 year = {2010},
 issn = {0097-5397},
 pages = {1714--1747},
 numpages = {34},
 url = {http://dx.doi.org/10.1137/080734467},
 doi = {https://doi.org/10.1137/080734467},
 acmid = {1958018},
 publisher = {Society for Industrial and Applied Mathematics},
 address = {Philadelphia, PA, USA},
 keywords = {ideal classes, maximal orders, number theory, quaternion algebras},
}


% incol due to presence of booktitle
@incollection{Hoare:1972:CIN:1243380.1243382,
 author = {Hoare, C. A. R.},
 title = {Chapter II: Notes on data structuring},
 booktitle = {Structured programming (incoll)},
 editor = {Dahl, O. J. and Dijkstra, E. W. and Hoare, C. A. R.},
 year = {1972},
 isbn = {0-12-200550-3},
 pages = {83--174},
 numpages = {92},
 url = {http://portal.acm.org/citation.cfm?id=1243380.1243382},
 acmid = {1243382},
 publisher = {Academic Press Ltd.},
 address = {London, UK, UK},
}

% incol due to presence of booktitle
@incollection{Lee:1978:TQA:800025.1198348,
 author = {Lee, Jan},
 title = {Transcript of question and answer session},
 booktitle = {History of programming languages I (incoll)},
 editor = {Wexelblat, Richard L.},
 year = {1981},
 isbn = {0-12-745040-8},
 pages = {68--71},
 numpages = {4},
 url = {http://doi.acm.org/10.1145/800025.1198348},
 doi = {http://doi.acm.org/10.1145/800025.1198348},
 acmid = {1198348},
 publisher = {ACM},
 address = {New York, NY, USA},
}

% incol due to booktitle
@incollection{Dijkstra:1979:GSC:1241515.1241518,
 author = {Dijkstra, E.},
 title = {Go to statement considered harmful},
 booktitle = {Classics in software engineering (incoll)},
 year = {1979},
 isbn = {0-917072-14-6},
 pages = {27--33},
 numpages = {7},
 url = {http://portal.acm.org/citation.cfm?id=1241515.1241518},
 acmid = {1241518},
 publisher = {Yourdon Press},
 address = {Upper Saddle River, NJ, USA},
}

% incol due to booktitle
@incollection{Wenzel:1992:TVA:146022.146089,
 author = {Wenzel, Elizabeth M.},
 title = {Three-dimensional virtual acoustic displays},
 booktitle = {Multimedia interface design (incoll)},
 year = {1992},
 isbn = {0-201-54981-6},
 pages = {257--288},
 numpages = {32},
 url = {http://portal.acm.org/citation.cfm?id=146022.146089},
 doi = {10.1145/146022.146089},
 acmid = {146089},
 publisher = {ACM},
 address = {New York, NY, USA},
}

% incol due to booktitle
@incollection{Mumford:1987:MES:54905.54911,
 author = {Mumford, E.},
 title = {Managerial expert systems and organizational change: some critical research issues},
 booktitle = {Critical issues in information systems research (incoll)},
 year = {1987},
 isbn = {0-471-91281-6},
 pages = {135--155},
 numpages = {21},
 url = {http://portal.acm.org/citation.cfm?id=54905.54911},
 acmid = {54911},
 publisher = {John Wiley \& Sons, Inc.},
 address = {New York, NY, USA},
}

@book{McCracken:1990:SSC:575315,
 author = {McCracken, Daniel D. and Golden, Donald G.},
 title = {Simplified Structured COBOL with Microsoft/MicroFocus COBOL},
 year = {1990},
 isbn = {0471514071},
 publisher = {John Wiley \& Sons, Inc.},
 address = {New York, NY, USA},
}

% Let's include Boris / BBeeton entries  (multi-volume works)

@book {MR781537,
    AUTHOR = {H{\"o}rmander, Lars},
     TITLE = {The analysis of linear partial differential operators. {III}},
    SERIES = {Grundlehren der Mathematischen Wissenschaften [Fundamental
              Principles of Mathematical Sciences]},
    VOLUME = {275},
      NOTE = {Pseudodifferential operators},
PUBLISHER = {Springer-Verlag},
   ADDRESS = {Berlin, Germany},
      YEAR = {1985},
     PAGES = {viii+525},
      ISBN = {3-540-13828-5},
   MRCLASS = {35-02 (35Sxx 47G05 58G15)},
  MRNUMBER = {781536 (87d:35002a)},
MRREVIEWER = {Min You Qi},
}

@book {MR781536,
    AUTHOR = {H{\"o}rmander, Lars},
     TITLE = {The analysis of linear partial differential operators. {IV}},
    SERIES = {Grundlehren der Mathematischen Wissenschaften [Fundamental
              Principles of Mathematical Sciences]},
    VOLUME = {275},
      NOTE = {Fourier integral operators},
PUBLISHER = {Springer-Verlag},
   ADDRESS = {Berlin, Germany},
      YEAR = {1985},
     PAGES = {vii+352},
      ISBN = {3-540-13829-3},
   MRCLASS = {35-02 (35Sxx 47G05 58G15)},
  MRNUMBER = {781537 (87d:35002b)},
MRREVIEWER = {Min You Qi},
}

%%%%%%%%%%%%%%%%%%%%%% Start of Aptara sample bib entries

% acmsmall-sam.bib
@InProceedings{Adya-01,
  author        = {A. Adya and P. Bahl and J. Padhye and A.Wolman and L. Zhou},
  title         = {A multi-radio unification protocol for {IEEE} 802.11 wireless networks},
  booktitle     = {Proceedings of the IEEE 1st International Conference on Broadnets Networks (BroadNets'04)},
  publisher     = "IEEE",
  address       = "Los Alamitos, CA",
  year          = {2004},
  pages         = "210--217"
}

@article{Akyildiz-01,
  author        = {I. F. Akyildiz and W. Su and Y. Sankarasubramaniam and E. Cayirci},
  title         = {Wireless Sensor Networks: A Survey},
  journal       = {Comm. ACM},
  volume        = 38,
  number        = "4",
  year          = {2002},
  pages         = "393--422"
}

@article{Akyildiz-02,
  author        = {I. F. Akyildiz and T. Melodia and K. R. Chowdhury},
  title         = {A Survey on Wireless Multimedia Sensor Networks},
  journal       = {Computer Netw.},
  volume        = 51,
  number        = "4",
  year          = {2007},
  pages         = "921--960"
}

@InProceedings{Bahl-02,
  author        = {P. Bahl and R. Chancre and J. Dungeon},
  title         = {{SSCH}: Slotted Seeded Channel Hopping for Capacity Improvement in {IEEE} 802.11 Ad-Hoc Wireless Networks},
  booktitle     = {Proceeding of the 10th International Conference on Mobile Computing and Networking (MobiCom'04)},
  publisher     = "ACM",
  address       = "New York, NY",
  year          = {2004},
  pages         = "112--117"
}

@misc{CROSSBOW,
  key       = {CROSSBOW},
  title     = {{XBOW} Sensor Motes Specifications},
  note      = {http://www.xbow.com},
  year      = 2008
}

@article{Culler-01,
  author        = {D. Culler and D. Estrin and M. Srivastava},
  title         = {Overview of Sensor Networks},
  journal       = {IEEE Comput.},
  volume        = 37,
  number        = "8 (Special Issue on Sensor Networks)",
  publisher     = "IEEE",
  address       = "Los Alamitos, CA",
  year          = {2004},
  pages         = "41--49"
}

@misc{Harvard-01,
    key         = {Harvard CodeBlue},
    title       = {{CodeBlue}: Sensor Networks for Medical Care},
    note        = {http://www.eecs.harvard.edu/mdw/ proj/codeblue/},
    year        = 2008
}

@InProceedings{Natarajan-01,
    author      = {A. Natarajan and M. Motani and B. de Silva and K. Yap and K. C. Chua},
    title       = {Investigating Network Architectures for Body Sensor Networks},
    booktitle   = {Network Architectures},
    editor      = {G. Whitcomb and P. Neece},
    publisher   = "Keleuven Press",
    address     = "Dayton, OH",
    year        = {2007},
    pages       = "322--328",
    eprint      = "960935712",
    primaryclass = "cs",
}

@techreport{Tzamaloukas-01,
  author        = {A. Tzamaloukas and J. J. Garcia-Luna-Aceves},
  title         = {Channel-Hopping Multiple Access},
  number =        {I-CA2301},
  institution =   {Department of Computer Science, University of California},
  address =       {Berkeley, CA},
  year          = {2000}
}

@BOOK{Zhou-06,
  author        = {G. Zhou and J. Lu and C.-Y. Wan and M. D. Yarvis and J. A. Stankovic},
  title         = {Body Sensor Networks},
  publisher     = "MIT Press",
  address       = "Cambridge, MA",
  year          = {2008}
}



@article{7:1:137,
author = "D. D. Dunlop and V. R. Basili",
title = "Generalizing specifications for uniformly implemented loops",
journal = "ACM Trans. Program. Lang. Syst.",
volume =  "7",
number = "1",
month = jan,
year = 1985,
pages = "137--158"}

@article{7:2:183,
author = "J. Heering and P. Klint",
title = "Towards monolingual programming environments",
journal = "ACM Trans. Program. Lang. Syst.",
volume =  "7",
number = "2",
month = apr,
year = 1985,
pages = "183--213"}

@book{knuth:texbook,
author = "Donald E. Knuth",
title = "The {\TeX{}book}",
publisher = "Addison-Wesley",
address = "Reading, MA.",
year = 1984}

@article{6:3:380,
author = "E. Korach and D.  Rotem and N. Santoro",
title = "Distributed algorithms for finding centers and medians in networks",
journal = "ACM Trans. Program. Lang. Syst.",
volume =  "6",
number = "3",
month = jul,
year = 1984,
pages = "380--401"}

@book{Lamport:LaTeX,
author = "Leslie Lamport",
title = "\it {\LaTeX}: A Document Preparation System",
publisher = "Addison-Wesley",
address = "Reading, MA.",
year = 1986}

@article{7:3:359,
author = "F. Nielson",
title = "Program transformations in a denotational setting",
journal = "ACM Trans. Program. Lang. Syst.",
volume =  "7",
number = "3",
month = jul,
year = 1985,
pages = "359--379"}

%testing
@BOOK{test,
   author = "Donald E. Knuth",
   title = "Seminumerical Algorithms",
   volume = 2,
   series = "The Art of Computer Programming",
   publisher = "Addison-Wesley",
   address = "Reading, MA",
   edition = "2nd",
   month = "10~" # jan,
   year = "1981",
}

@inproceedings{reid:scribe,
author = "Brian K. Reid",
title = "A high-level approach to computer document formatting",
booktitle = "Proceedings of the 7th Annual Symposium on Principles of
  Programming Languages",
month = jan,
year = 1980,
publisher = "ACM",
address = "New York",
pages = "24--31"}

@article{Zhou:2010:MMS:1721695.1721705,
 author = {Zhou, Gang and Wu, Yafeng and Yan, Ting and He, Tian and Huang, Chengdu and Stankovic, John A. and Abdelzaher, Tarek F.},
 title = {A multifrequency MAC specially designed for wireless sensor network applications},
 journal = {ACM Trans. Embed. Comput. Syst.},
 issue_date = {March 2010},
 volume = 9,
 number = 4,
 month = {April},
 year = 2010,
 issn = {1539-9087},
 pages = {39:1--39:41},
 articleno = 39,
 numpages = 41,
 url = {http://doi.acm.org/10.1145/1721695.1721705},
 doi = {10.1145/1721695.1721705},
 acmid = 1721705,
 publisher = {ACM},
 address = {New York, NY, USA},
 keywords = {Wireless sensor networks, media access control, multi-channel, radio interference, time synchronization},
}


@online{TUGInstmem,
  key =          {TUG},
  year  =        2017,
  title =        "Institutional members of the {\TeX} Users Group",
  url =          "http://wwtug.org/instmem.html",
  lastaccessed = "May 27, 2017",
}

@online{CTANacmart,
  author =    {Boris Veytsman},
  title =  {acmart---{C}lass for typesetting publications of {ACM}},
  year = 2017,
  url =    {http://www.ctan.org/pkg/acmart},
  lastaccessed = {May 27, 2017}
  }

@ARTICLE{bowman:reasoning,
    author = {Bowman, Mic and Debray, Saumya K. and Peterson, Larry L.},
    title = {Reasoning About Naming Systems},
    journal = {ACM Trans. Program. Lang. Syst.},
    volume = {15},
    number = {5},
    pages = {795-825},
    month = {November},
    year = {1993},
    doi = {10.1145/161468.161471},
}

@ARTICLE{braams:babel,
    author = {Braams, Johannes},
    title = {Babel, a Multilingual Style-Option System for Use with LaTeX's Standard Document Styles},
    journal = {TUGboat},
    volume = {12},
    number = {2},
    pages = {291-301},
    month = {June},
    year = {1991},
}

@INPROCEEDINGS{clark:pct,
  AUTHOR = "Malcolm Clark",
  TITLE = "Post Congress Tristesse",
  BOOKTITLE = "TeX90 Conference Proceedings",
  PAGES = "84-89",
  ORGANIZATION = "TeX Users Group",
  MONTH = "March",
  YEAR = {1991}
}

@ARTICLE{herlihy:methodology,
    author = {Herlihy, Maurice},
    title = {A Methodology for Implementing Highly Concurrent Data Objects},
    journal = {ACM Trans. Program. Lang. Syst.},
    volume = {15},
    number = {5},
    pages = {745-770},
    month = {November},
    year = {1993},
    doi = {10.1145/161468.161469},
}

@BOOK{salas:calculus,
  AUTHOR = "S.L. Salas and Einar Hille",
  TITLE = "Calculus: One and Several Variable",
  PUBLISHER = "John Wiley and Sons",
  ADDRESS = "New York",
  YEAR = "1978"
}

@MANUAL{Fear05,
  title =        {Publication quality tables in {\LaTeX}},
  author =       {Simon Fear},
  month =        {April},
  year =         2005,
  note =         {\url{http://www.ctan.org/pkg/booktabs}}
}

@Manual{Amsthm15,
  title =        {Using the amsthm Package},
  organization = {American Mathematical Society},
  month =        {April},
  year =         2015,
  note =         {\url{http://www.ctan.org/pkg/amsthm}}
}

@ArtifactSoftware{R,
    title = {R: A Language and Environment for Statistical Computing},
    author = {{R Core Team}},
    organization = {R Foundation for Statistical Computing},
    address = {Vienna, Austria},
    year = {2019},
    url = {https://www.R-project.org/},
}

@ArtifactDataset{UMassCitations,
 author    =  {Sam Anzaroot and Andrew McCallum},
 title     =  {{UMass} Citation Field Extraction Dataset},
 year      = 2013,
 url       =
    {http://www.iesl.cs.umass.edu/data/data-umasscitationfield},
 lastaccessed = {May 27, 2019}
}

@Eprint{Bornmann2019,
       author = {Bornmann, Lutz and Wray, K. Brad and Haunschild,
                  Robin},
        title = {Citation concept analysis {(CCA)}---A new form of
                  citation analysis revealing the usefulness of
                  concepts for other researchers illustrated by two
                  exemplary case studies including classic books by
                  {Thomas S.~Kuhn} and {Karl R.~Popper}},
     keywords = {Computer Science - Digital Libraries},
         year = 2019,
        month = "May",
          eid = {arXiv:1905.12410},
archivePrefix = {arXiv},
       eprint = {1905.12410},
 primaryClass = {cs.DL},
}

@Eprint{AnzarootPBM14,
  author    = {Sam Anzaroot and
               Alexandre Passos and
               David Belanger and
               Andrew McCallum},
  title     = {Learning Soft Linear Constraints with Application to
                  Citation Field Extraction},
  year      = {2014},
  archivePrefix = {arXiv},
  eprint    = {1403.1349},
}

@inproceedings{Hagerup1993,
title        = {Maintaining Discrete Probability Distributions Optimally},
author       = {Hagerup, Torben and Mehlhorn, Kurt and Munro, J. Ian},
booktitle    = {Proceedings of the 20th International Colloquium on Automata, Languages and Programming},
series       = {Lecture Notes in Computer Science},
volume       = {700},
pages        = {253--264},
year         = {1993},
publisher    = {Springer-Verlag},
address      = {Berlin},
}


%-------------------------------------------------------------------------------------------

@inproceedings{esc50_ds,
  title={ESC: Dataset for environmental sound classification},
  author={Piczak, Karol J},
  booktitle={Proceedings of the 23rd ACM international conference on Multimedia},
  pages={1015--1018},
  year={2015}
}

@url{aud_tool,
  author = {Ellis, D. P. W. },
  title  = {Gammatone-like spectrogram},
  url   = {http://www.ee.columbia.edu/ dpwe/resources/matlab/ gammatonegram},
  year = {2009}
}

@misc{dcase_web,
  title={DCASE Challenges Task 1A},
  author={Detection and Classification of Acoustic Scenes and Events Community},
  year={2021},
  howpublished={\url{http://dcase.community/challenge2021}},
}
@misc{keras_app,
  title={Keras},
  author={Chollet, Fran\c{c}ois and others},
  year={2015},
  howpublished={\url{https://keras.io}},
}

@misc{our_dataset,
  title={A dataset of five crowded scenes},
  author={Pham, Lam and others},
  year={2022},
  howpublished={\url{https://zenodo.org/record/5774751\#.Ybc9R5pKhhE}},
}
@misc{our_demo,
  title={An application demo for audio-visual crowded scene classification},
  author={Pham, Lam and others},
  year={2022},
  howpublished={\url{https://github.com/phamdanglam1986/An-application-demo-of-audio-visual-crowded-scene-classification-}},
}


@INPROCEEDINGS{aud_vis_ana,
  author={Sarman, Sercan and Sert, Mustafa},
  booktitle={Proc. ISDFS},
  title={Audio based violent scene classification using ensemble learning},
  year={2018},
  pages={1-5}
}

@inproceedings{audioset,
title	= {Audio Set: An ontology and human-labeled dataset for audio events},
author	= {Jort F. Gemmeke and Daniel P. W. Ellis and Dylan Freedman and Aren Jansen and Wade Lawrence and R. Channing Moore and Manoj Plakal and Marvin Ritter},
booktitle	= {Proc. ICASSP},
year	= {2017}
}

@article{adam,
  title={Adam: A Method for Stochastic Optimization},
  author={Diederik P. Kingma and Jimmy Ba},
  journal={CoRR},
  year={2015},
  volume={abs/1412.6980}
}

@Conference{librosa_tool,
    author    = {McFee, Brian and Colin, Raffel and Dawen, Liang and D.P.W. Ellis and Matt, McVicar and Eric, Battenberg and Oriol, Nieto},
    title     = {librosa: Audio and music signal analysis in python},
    booktitle = {Proceedings of The 14th Python in Science Conference},
    pages     = {18-25},
    year      = {2015}
}
@ARTICLE{kong_pretrain,
  author={Q. {Kong} and Y. {Cao} and T. {Iqbal} and Y. {Wang} and W. {Wang} and M. D. {Plumbley}},
  journal={IEEE/ACM Transactions on Audio, Speech, and Language Processing},
  title={PANNs: Large-Scale Pretrained Audio Neural Networks for Audio Pattern Recognition},
  year={2020},
  volume={28},
  number={},
  pages={2880-2894}
},

@InProceedings{vgg_net,
  author       = "Karen Simonyan and Andrew Zisserman",
  title        = "Very Deep Convolutional Networks for Large-Scale Image Recognition",
  booktitle    = "International Conference on Learning Representations (ICLR)",
  year         = "2015",
}

@inproceedings{mixup1,
  title={Mixup-based acoustic scene classification using multi-channel convolutional neural network},
  author={Xu, Kele and Feng, Dawei and Mi, Haibo and Zhu, Boqing and Wang, Dezhi and Zhang, Lilun and Cai, Hengxing and Liu, Shuwen},
  booktitle={Pacific Rim Conference on Multimedia},
  pages={14-23},
  year={2018}
}


@article{kl_loss,
  title={On information and sufficiency},
  author={Kullback, Solomon and Leibler, Richard A},
  journal={The annals of mathematical statistics},
  volume={22},
  number={1},
  pages={79--86},
  year={1951},
  publisher={JSTOR}
}

@article{scikit-learn,
 title={Scikit-learn: Machine Learning in {P}ython},
 author={Pedregosa, F. and Varoquaux, G. and Gramfort, A. and Michel, V.
         and Thirion, B. and Grisel, O. and Blondel, M. and Prettenhofer, P.
         and Weiss, R. and Dubourg, V. and Vanderplas, J. and Passos, A. and
         Cournapeau, D. and Brucher, M. and Perrot, M. and Duchesnay, E.},
 journal={Journal of Machine Learning Research},
 volume={12},
 pages={2825--2830},
 year={2011}
}

@InProceedings{batchnorm,
  title = 	 {Batch Normalization: Accelerating Deep Network Training by Reducing Internal Covariate Shift},
  author = 	 {Sergey Ioffe and Christian Szegedy},
  booktitle = 	 {Proceedings of the 32nd International Conference on Machine Learning},
  pages = 	 {448--456},
  year = 	 {2015}
}

@inproceedings{relu,
  title={Rectified linear units improve restricted boltzmann machines},
  author={Nair, Vinod and Hinton, Geoffrey E},
  booktitle={International Conference on Machine Learning (ICML)},
  year={2010}
}
@article{dropout,
  title={Dropout: a simple way to prevent neural networks from overfitting},
  author={Srivastava, Nitish and Hinton, Geoffrey and Krizhevsky, Alex and Sutskever, Ilya and Salakhutdinov, Ruslan},
  journal={The {J}ournal of {M}achine {L}earning {R}esearch},
  volume={15},
  number={1},
  pages={1929--1958},
  year={2014},
  publisher={JMLR. org}
}
@inproceedings{mult_dev,
  title={A MULTI-DEVICE DATASET FOR URBAN ACOUSTIC SCENE CLASSIFICATION},
  author={Annamaria Mesaros and Toni Heittola and Tuomas Virtanen},
  booktitle={Proc. Detection and Classification of Acoustic Scenes and Events},
  year={2018}
}

@article{Imagenet,
Author = {Olga Russakovsky and Jia Deng and Hao Su and Jonathan Krause and Sanjeev Satheesh and Sean Ma and Zhiheng Huang and Andrej Karpathy and Aditya Khosla and Michael Bernstein and Alexander C. Berg and Li Fei-Fei},
Title = {{ImageNet Large Scale Visual Recognition Challenge}},
Year = {2015},
journal   = {International Journal of Computer Vision (IJCV)},
number={3},
pages={211-252}
}

%booktitle={Proc. International Joint Conference on Neural Networks (IJCNN)},
@inproceedings{lam01,
  title={Deep Feature Embedding and Hierarchical Classification for Audio Scene Classification},
  author={Lam Pham and Ian Mcloughlin and Huy Phan and Ramaswamy Palaniappan and Alfred Mertins},
  booktitle={Proc. IJCNN},
  year={2020},
  pages={1-7}
}

@article{lam02,
  title={Robust Acoustic Scene Classification using a Multi-Spectrogram Encoder-Decoder Framework},
  author={Lam Pham and Huy Phan and Truc Nguyen and Ramaswamy Palaniappan and Alfred Mertins and Ian Mcloughlin},
  journal={Digital Signal Processing},
  year={2021},
  volume={110},
  pages={102943}
}

@conference{lam03,
    title = {Bag-of-Features Models Based on {C-DNN} Network for Acoustic Scene Classification},
    author = {Pham, Lam and McLoughlin Ian and Phan, Huy and Palaniappan, Ramaswamy and Lang, Yue},
    booktitle = {Proc. AES},
    year = {2019}
}

@inproceedings{lam04,
author = {Pham, Lam and Mcloughlin, Ian and Phan, Huy and Palaniappan, Ramaswamy},
title = {A Robust Framework for Acoustic Scene Classification},
booktitle={Proc. INTERSPEECH},
pages = {3634-3638},
year = {2019}
}

@article{lam05,
  title={Sound Context Classification Basing on Join Learning Model and Multi-Spectrogram Features},
  author={Dat Ngo and Hao Hoang and Anh Nguyen and Tien Ly and Lam Pham},
  journal={ArXiv},
  year={2020},
  volume={abs/2005.12779}
}

@INPROCEEDINGS{lam_11,
  title={A Low-Compexity Deep Learning Framework For Acoustic Scene Classification},
  author={Pham, Lam and Tang, Hieu and Jalali, Anahid and Schindler, Alexander and King, Ross},
  booktitle={Proc. IDSC},
  year={2021}
}

@article{lam12,
  title={Wider or Deeper Neural Network Architecture for Acoustic Scene Classification with Mismatched Recording Devices},
  author={Pham, Lam and Dinh, Khoa and Ngo, Dat and Tang, Hieu and Schindler, Alexander},
  journal={arXiv preprint arXiv:2203.12314},
  year={2022}
}

@INPROCEEDINGS{huy_mul,
  author={Phan, Huy and Le Nguyen, Huy and Chén, Oliver Y. and Pham, Lam and Koch, Philipp and McLoughlin, Ian and Mertins, Alfred},
  booktitle={Proc. ICASSP},
  title={Multi-View Audio And Music Classification},
  year={2021},
  volume={},
  number={},
  pages={611-615}
}


@inproceedings{xd_vio_ds,
  title={Not only look, but also listen: Learning multimodal violence detection under weak supervision},
  author={Wu, Peng and Liu, Jing and Shi, Yujia and Sun, Yujia and Shao, Fangtao and Wu, Zhaoyang and Yang, Zhiwei},
  booktitle={European Conference on Computer Vision},
  pages={322--339},
  year={2020}
}

@article{spec_aug,
  title={Specaugment: A simple data augmentation method for automatic speech recognition},
  author={Park, Daniel S and Chan, William and Zhang, Yu and Chiu, Chung-Cheng and Zoph, Barret and Cubuk, Ekin D and Le, Quoc V},
  journal={arXiv preprint arXiv:1904.08779},
  year={2019}
}

@inproceedings{ucf_dataset,
  title={Real-world anomaly detection in surveillance videos},
  author={Sultani, Waqas and Chen, Chen and Shah, Mubarak},
  booktitle={Proceedings of the IEEE conference on computer vision and pattern recognition},
  pages={6479--6488},
  year={2018}
}

@article{docker,
  title={Docker: lightweight linux containers for consistent development and deployment},
  author={Merkel, Dirk},
  journal={Linux journal},
  volume={2014},
  number={239},
  pages={2},
  year={2014}
}


@inproceedings{seo_2019,
  title={Acoustic scene classification using various pre-processed features and convolutional neural networks},
  author={Seo, Hyeji and Park, Jihwan and Park, Yongjin},
  booktitle={Proc. DCASE},
  pages={25--26},
  year={2019}
}
@techreport{huang_2019,
  title={Acoustic scene classification using deep learning-based ensemble averaging},
  author={Huang, Jonathan and Lu, Hong and Lopez Meyer, Paulo and Cordourier, Hector and Del Hoyo Ontiveros, Juan},
  year={2019},
  booktitle={tech. rep., DCASE2019 Challenge}
}

@techreport{haocong2019acoustic,
  title={Acoustic scene classification using CNN ensembles and primary ambient extraction},
  author={Haocong, Yang and Chuang, Shi and Huiyong, Li},
  year={2019},
  booktitle={tech. rep., DCASE2019 Challenge}
}

@Conference{truc_dca_18,
    author    = {Truc Nguyen and Franz Pernkopf},
    title     = {Acoustic Scene Classification Using A Convolutional Neural Network Ensemble And Nearest Neighbor Filters},
    booktitle = {Proc. DCASE},
    pages     = {34-38},
    year      = {2018}
}

%--------------------------------------- ACM Multimedia

% Journals

% First the Full Name is given, then the abbreviation used in the AMS Math
% Reviews, with an indication if it could not be found there.
% Note the 2nd overwrites the 1st, so swap them if you want the full name.



%-------------------------------------------------------------------------------------------

@inproceedings{esc50_ds,
  title={ESC: Dataset for environmental sound classification},
  author={Piczak, Karol J},
  booktitle={Proceedings of the 23rd ACM international conference on Multimedia},
  pages={1015--1018},
  year={2015}
}

@url{aud_tool,
  author = {Ellis, D. P. W. },
  title  = {Gammatone-like spectrogram},
  url   = {http://www.ee.columbia.edu/ dpwe/resources/matlab/ gammatonegram},
  year = {2009}
}

@misc{dcase_web,
  title={DCASE Challenges Task 1A},
  author={Detection and Classification of Acoustic Scenes and Events Community},
  year={2021},
  howpublished={\url{http://dcase.community/challenge2021}},
}

@misc{our_dataset,
  title={A dataset of five crowded scenes},
  author={Pham, Lam and others},
  year={2022},
  howpublished={\url{https://zenodo.org/record/5774751\#.Ybc9R5pKhhE}},
}
@misc{our_demo,
  title={An application demo for audio-visual crowded scene classification},
  author={Pham, Lam and others},
  year={2022},
  howpublished={\url{https://github.com/phamdanglam1986/An-application-demo-of-audio-visual-crowded-scene-classification-}},
}


@INPROCEEDINGS{aud_vis_ana,
  author={Sarman, Sercan and Sert, Mustafa},
  booktitle={2018 6th International Symposium on Digital Forensic and Security (ISDFS)}, 
  title={Audio based violent scene classification using ensemble learning}, 
  year={2018},
  pages={1-5}
}

@inproceedings{audioset,
title	= {Audio Set: An ontology and human-labeled dataset for audio events},
author	= {Jort F. Gemmeke and Daniel P. W. Ellis and Dylan Freedman and Aren Jansen and Wade Lawrence and R. Channing Moore and Manoj Plakal and Marvin Ritter},
booktitle	= {Proc. IEEE International Conference on Acoustics, Speech and Signal Processing (ICASSP)},
year	= {2017}
}



@Conference{librosa_tool,
    author    = {McFee, Brian and Colin, Raffel and Dawen, Liang and D.P.W. Ellis and Matt, McVicar and Eric, Battenberg and Oriol, Nieto},
    title     = {librosa: Audio and music signal analysis in python},
    booktitle = {Proceedings of The 14th Python in Science Conference},
    pages     = {18-25},
    year      = {2015}
}
@ARTICLE{kong_pretrain,
  author={Q. {Kong} and Y. {Cao} and T. {Iqbal} and Y. {Wang} and W. {Wang} and M. D. {Plumbley}},
  journal={IEEE/ACM Transactions on Audio, Speech, and Language Processing},
  title={PANNs: Large-Scale Pretrained Audio Neural Networks for Audio Pattern Recognition},
  year={2020},
  volume={28},
  number={},
  pages={2880-2894}
},

@InProceedings{vgg_net,
  author       = "Karen Simonyan and Andrew Zisserman",
  title        = "Very Deep Convolutional Networks for Large-Scale Image Recognition",
  booktitle    = "International Conference on Learning Representations (ICLR)",
  year         = "2015",
}



@article{scikit-learn,
 title={Scikit-learn: Machine Learning in {P}ython},
 author={Pedregosa, F. and Varoquaux, G. and Gramfort, A. and Michel, V.
         and Thirion, B. and Grisel, O. and Blondel, M. and Prettenhofer, P.
         and Weiss, R. and Dubourg, V. and Vanderplas, J. and Passos, A. and
         Cournapeau, D. and Brucher, M. and Perrot, M. and Duchesnay, E.},
 journal={Journal of Machine Learning Research},
 volume={12},
 pages={2825--2830},
 year={2011}
}




@inproceedings{mult_dev,
  title={A MULTI-DEVICE DATASET FOR URBAN ACOUSTIC SCENE CLASSIFICATION},
  author={Annamaria Mesaros and Toni Heittola and Tuomas Virtanen},
  booktitle={Proc. Detection and Classification of Acoustic Scenes and Events},
  year={2018}
}


@inproceedings{lam01,
  title={Deep Feature Embedding and Hierarchical Classification for Audio Scene Classification},
  author={Lam Pham and Ian Mcloughlin and Huy Phan and Ramaswamy Palaniappan and Alfred Mertins},
  booktitle={International Joint Conference on Neural Networks (IJCNN)},
  year={2020},
  pages={1-7}
}

@article{lam02,
  title={Robust Acoustic Scene Classification using a Multi-Spectrogram Encoder-Decoder Framework},
  author={Lam Pham and Huy Phan and Truc Nguyen and Ramaswamy Palaniappan and Alfred Mertins and Ian Mcloughlin},
  journal={Digital Signal Processing},
  year={2021},
  volume={110},
  pages={102943}
}

@conference{lam03,
    title = {Bag-of-Features Models Based on {C-DNN} Network for Acoustic Scene Classification},
    author = {Pham, Lam and McLoughlin Ian and Phan, Huy and Palaniappan, Ramaswamy and Lang, Yue},
    booktitle = {Proc. International Conference on Audio Forensics (AES)},
    year = {2019}
}

@inproceedings{lam04,
author = {Pham, Lam and Mcloughlin, Ian and Phan, Huy and Palaniappan, Ramaswamy},
title = {A Robust Framework for Acoustic Scene Classification},
booktitle={Proc. International Speech Communication Association (INTERSPEECH)},
pages = {3634-3638},
year = {2019}
}

@article{lam05,
  title={Sound Context Classification Basing on Join Learning Model and Multi-Spectrogram Features},
  author={Dat Ngo and Hao Hoang and Anh Nguyen and Tien Ly and Lam Pham},
  journal={ArXiv},
  year={2020},
  volume={abs/2005.12779}
}

@INPROCEEDINGS{lam_11,
  title={A Low-Compexity Deep Learning Framework For Acoustic Scene Classification},
  author={Pham, Lam and Tang, Hieu and Jalali, Anahid and Schindler, Alexander and King, Ross},
  booktitle={Proc. IDSC},
  year={2021}
}

@article{lam12,
  title={Wider or Deeper Neural Network Architecture for Acoustic Scene Classification with Mismatched Recording Devices},
  author={Pham, Lam and Dinh, Khoa and Ngo, Dat and Tang, Hieu and Schindler, Alexander},
  journal={arXiv preprint arXiv:2203.12314},
  year={2022}
}

@INPROCEEDINGS{huy_mul,
  author={Phan, Huy and Le Nguyen, Huy and Chén, Oliver Y. and Pham, Lam and Koch, Philipp and McLoughlin, Ian and Mertins, Alfred},
  booktitle={Proc. IEEE International Conference on Acoustics, Speech and Signal Processing (ICASSP)}, 
  title={Multi-View Audio And Music Classification}, 
  year={2021},
  volume={},
  number={},
  pages={611-615}
}


@inproceedings{xd_vio_ds,
  title={Not only look, but also listen: Learning multimodal violence detection under weak supervision},
  author={Wu, Peng and Liu, Jing and Shi, Yujia and Sun, Yujia and Shao, Fangtao and Wu, Zhaoyang and Yang, Zhiwei},
  booktitle={European Conference on Computer Vision},
  pages={322--339},
  year={2020}
}

@article{spec_aug,
  title={Specaugment: A simple data augmentation method for automatic speech recognition},
  author={Park, Daniel S and Chan, William and Zhang, Yu and Chiu, Chung-Cheng and Zoph, Barret and Cubuk, Ekin D and Le, Quoc V},
  journal={arXiv preprint arXiv:1904.08779},
  year={2019}
}

@inproceedings{ucf_dataset,
  title={Real-world anomaly detection in surveillance videos},
  author={Sultani, Waqas and Chen, Chen and Shah, Mubarak},
  booktitle={Proceedings of the IEEE conference on computer vision and pattern recognition},
  pages={6479--6488},
  year={2018}
}

@article{docker,
  title={Docker: lightweight linux containers for consistent development and deployment},
  author={Merkel, Dirk},
  journal={Linux journal},
  volume={2014},
  number={239},
  pages={2},
  year={2014}
}


@inproceedings{seo_2019,
  title={Acoustic scene classification using various pre-processed features and convolutional neural networks},
  author={Seo, Hyeji and Park, Jihwan and Park, Yongjin},
  booktitle={Proceedings of the Detection and Classification of Acoustic Scenes and Events Workshop (DCASE), New York, NY, USA},
  pages={25--26},
  year={2019}
}
@techreport{huang_2019,
  title={Acoustic scene classification using deep learning-based ensemble averaging},
  author={Huang, Jonathan and Lu, Hong and Lopez Meyer, Paulo and Cordourier, Hector and Del Hoyo Ontiveros, Juan},
  year={2019},
  booktitle={tech. rep., DCASE2019 Challenge}
}

@techreport{haocong2019acoustic,
  title={Acoustic scene classification using CNN ensembles and primary ambient extraction},
  author={Haocong, Yang and Chuang, Shi and Huiyong, Li},
  year={2019},
  booktitle={tech. rep., DCASE2019 Challenge}
}

@Conference{truc_dca_18,
    author    = {Truc Nguyen and Franz Pernkopf},
    title     = {Acoustic Scene Classification Using A Convolutional Neural Network Ensemble And Nearest Neighbor Filters},
    booktitle = {Proc. DCASE},
    pages     = {34-38},
    year      = {2018}
}

@book{lyon_machinehearing,
  title={Human and machine hearing: extracting meaning from sound},
  author={Lyon, Richard F},
  year={2017},
  publisher={Cambridge University Press}
}

@article{litis_dataset,
  title={Histogram of gradients of time--frequency representations for audio scene classification},
  author={Rakotomamonjy, Alain and Gasso, Gilles},
  journal={IEEE Trans. Audio, Speech and Language Processing},
  volume={23},
  number={1},
  pages={142--153},
  year={2015}
}

@inproceedings{esc50_data,
  title={ESC: Dataset for environmental sound classification},
  author={Piczak, Karol J},
  booktitle={Proceedings of the 23rd ACM international conference on Multimedia},
  pages={1015--1018},
  year={2015}
}


@inproceedings{lam_crowdedscene_data,
    title={An Audio-Visual Dataset and Deep Learning Frameworks for Crowded Scene Classification},
  author={Pham, Lam and Ngo, Dat and Nguyen, Phu X and Hoang, Truong and Schindler, Alexander},
  booktitle={Proc. CBMI},
  pages  = {23-28},
  year={2021}
}  




@inproceedings{phaye_dca_18,
    author = {Phaye, Sai and Benetos, Emmanouil and Wang, Ye},
    title  = {{SubSpectralNet} Using Sub-spectrogram Based Convolutional Neural Networks for Acoustic Scene Classification},
    booktitle={Proc. ICASSP},
    pages  = {825-829},
    year   = {2019}
}

@inproceedings{interspeech_2021_01,
  title={Acoustic scene classification using kervolution-based {SubSpectralNet}},
  author={Nandi, Ritika and Shekhar, Shashank and Mulimani, Manjunath},
  booktitle={Proc. INTERSPEECH},
  pages={26--30},
  year={2021}
  }
  
  @inproceedings{damping,
  title={Low-complexity models for acoustic scene classification based on receptive field regularization and frequency damping},
  author={Koutini, Khaled and Henkel, Florian and Eghbal-zadeh, Hamid and Widmer, Gerhard},
  booktitle={Proc. DCASE},
  pages={86-90},
  year={2020}
}
@article{primus2019acoustic,
  title={Acoustic scene classification with mismatched recording devices},
  author={Primus, Paul and Eitelsebner, David},
  journal={Tech. Rep., DCASE Challenge},
  year={2019}
}
  
@article{lam_j1_asc,
title = {Robust acoustic scene classification using a multi-spectrogram encoder-decoder framework},
journal = {Digital Signal Processing},
volume = {110},
pages = {102943},
year = {2021},
author = {Lam Pham and Huy Phan and Truc Nguyen and Ramaswamy Palaniappan and Alfred Mertins and Ian McLoughlin},
}
@conference{lam_dca_18,
    title = {Bag-of-Features Models Based on {C-DNN} Network for Acoustic Scene Classification},
    author = {Pham, Lam and McLoughlin, Ian and Phan, Huy and Palaniappan, Ramaswamy and Lang, Yue},
    booktitle = {In Proc. AES},
    year = {2019}
}  

@inproceedings{lam_dca_16_int,
author = {Pham, Lam and Mcloughlin, Ian and Phan, Huy and Palaniappan, Ramaswamy},
title = {A Robust Framework for Acoustic Scene Classification},
booktitle={Proc. INTERSPEECH},
pages = {3634-3638},
year = {2019}
}

@techreport{lam_dc19,
    Author = "Pham, Lam and McLoughlin, Ian and Phan, Huy and Palaniappan, Ramaswamy",
    title = "A Multi-Spectrogram Deep Neural Network for Acoustic Scene Classification",
    institution = "DCASE2019 Challenge",
    year = "2019",
    month = "June"
}

@inproceedings{lam_11,
  title={Inception-Based Network and Multi-Spectrogram Ensemble Applied For Predicting Respiratory Anomalies and Lung Diseases},
  author={Pham, L. and Phan, H. and King, R. and Mertins, A. and McLoughlin, I.},
  booktitle={Proc. EMBC},
  pages={253--256},
  year={2021}
  }
  
  @article{ngo2020sound,
  title={Sound context classification basing on join learning model and multi-spectrogram features},
  author={Ngo, Dat and Hoang, Hao and Nguyen, Anh and Ly, Tien and Pham, Lam},
  journal={arXiv preprint arXiv:2005.12779},
  year={2020}
}

@inproceedings{ens_01,
  title={Ensemble of pruned low-complexity models for acoustic scene classification},
  author={Ooi, Kenneth and Peksi, Santi and Gan, Woon-Seng},
  booktitle={Proc. DCASE},
  pages={130-134},
  year={2020}
}
@article{ens_02,
  title={Acoustic scene classification using deep residual networks with focal loss and mild domain adaptation},
  author={Gao, Wei and McDonnell, M and UniSA, STEM},
  journal={Tech. Rep., DCASE Challenge},
  year={2020}
}


  
  @misc{dcase_com,
  title={(DCASE)},
  author={{Detection and Classification of Acoustic Scenes and Events}},
  year={2018},
  howpublished={\url{https://dcase.community/challenge2018}}
}


@article{lam_phd_thesis,
  title={Robust Deep Learning Frameworks for Acoustic Scene and Respiratory Sound Classification},
  author={Pham, Lam},
  journal={arXiv preprint arXiv:2107.09268},
  year={2021}
}

@article{resnorm,
  title={QTI submission to DCASE 2021: Residual normalization for device imbalanced acoustic scene classification with efficient design},
  author={Kim, Byeonggeun and Yang, Seunghan and Kim, Jangho and Chang, Simyung},
  year={2021},
  journal={Tech. Rep., DCASE Challenge}
}
@Conference{hong_dca_18,
  title={Acoustic Scene Classification by Implicitly Identifying Distinct Sound Events},
  author={Song, Hongwei and Han, Jiqing and Deng, Shiwen and Du, Zhihao},
  booktitle={Proc. INTERSPEECH},
  pages={3860-3864},
  year={2019}
}
@inproceedings{truc_dca_18_int,
  title={Acoustic Scene Classification with Mismatched Devices Using CliqueNets and Mixup Data Augmentation},
  author={Nguyen, Truc and Pernkopf, Franz},
  booktitle={Proc. INTERSPEECH},
  pages={2330-2334},
  year={2019}
}

@misc{gam_filter,
  title  = {Gammatone-like spectrogram},
  author={{D. P. W. Ellis}},
  year={2009},
  howpublished={\url{http://www.ee.columbia.edu/dpwe/resources/matlab/gammatonegram}},
}

@INPROCEEDINGS{dcase2020_data,
  title={Acoustic scene classification in {DCASE} 2020 challenge: generalization across devices and low complexity solutions},
  author={Heittola, Toni and Mesaros, Annamaria and Virtanen, Tuomas},
  pages={56-60},
  booktitle={Proc. DCASE}, 
  year={2020}
}
@inproceedings{dec_channel_01,
  title={Low-complexity models for acoustic scene classification based on receptive field regularization and frequency damping},
  author={Koutini, Khaled and Henkel, Florian and Eghbal-zadeh, Hamid and Widmer, Gerhard},
  booktitle={Proc. DCASE},
  pages={86-90},
  year={2020}
}

@inproceedings{dec_channel_02,
  title={Compression of deep convolutional neural networks for fast and low power mobile applications},
  author={Kim, Yong-Deok and Park, Eunhyeok and Yoo, Sungjoo and Choi, Taelim and Yang, Lu and Shin, Dongjun},
  booktitle={ICLR},
  year={2016}
}

  
  @misc{dcase_2020_t1,
  title={(DCASE Task 1A Results)},
  author={{Detection and Classification of Acoustic Scenes and Events}},
  year={2020},
  howpublished={\url{https://dcase.community/challenge2020/task-acoustic-scene-classification-results-a}},
}

@INPROCEEDINGS{huy_01_pp,
  author={Phan, Huy and Le Nguyen, Huy and Chén, Oliver Y. and Pham, Lam and Koch, Philipp and McLoughlin, Ian and Mertins, Alfred},
  booktitle={ICASSP}, 
  title={Multi-View Audio And Music Classification}, 
  year={2021},
  pages={611-615}
}

@article{pham2019cdnn,
  title={Cdnn-CRNN joined model for acoustic scene classification},
  author={Pham, Lam and Doan, Tan and Ngo, D Thanh and Nguyen, H and Kha, H Hoang},
  journal={Tech. Rep., DCASE Challenge},
  year={2019}
}

%% report.bib - contains BiBtex input for bibliography

@book{Alred03, 
	author = "G. J. Alred and C. T. Brusaw and W. E. Oliu", 
	title  = "Handbook of Technical Writing", 
	publisher= "St. Martin's", 
	address= "New York", 
	year   = "2015 (eleventh edition)"	}
	
@book{Goossens97, 
	author = "Michel Goossens and Frank Mittelbach and Sebastian Rahtz", 
	title  = "The LaTeX Companion", 
	publisher= "Addison-Wesley", 
	address= "Reading, Mass.", 
	year   = "1997"	} 

@book{Mittelbach04, 
	author = "Frank Mittelbach and Michel Goossens and Johannes Braams and David Carlisle", 
	title  = "The LaTeX Companion", 
	publisher= "Addison-Wesley", 
	address= "Reading, Mass.",
	edition= "second", 
	year   = "2004"	} 

@incollection{Gull89a, 
	author = "S. F. Gull", 
	title  = "Developments in maximum-entropy data analysis", 
	booktitle= " Maximum Entropy and Bayesian Methods", 
	editor = "J. Skilling", 
	pages  = "53-71 ", 
	publisher= "Kluwer Academic",
	address= "Dordrecht", 
	year   = "1989"	} 
 
@inproceedings{Hanson93c, 
	author = "K. M. Hanson", 
	title  = "Introduction to {B}ayesian image analysis", 
	booktitle= "Medical Imaging:\ Image Processing",
	editor = "M.\ H. Loew",
	series = "Proc. SPIE", 
	volume = "1898",
	pages  = "716-731", 
	year   = "1993"	} 

@book{Lamport94, 
	author = "L. Lamport", 
	title  = "LaTeX: A Document Preparation System", 
	publisher= "Addison-Wesley", 
	address= "Reading, Mass.", 
	year   = "1994"	}

@article{Metropolis53, 
	author = "N. Metropolis and A. W. Rosenbluth and M. N. Rosenbluth and A. H. Teller and E. Teller", 
	title  = "Equations of state calculations by fast computing machine", 
	journal= "J. Chem. Phys.",  
	volume = "21", 
	pages  = "1087-1091", 
	year   = "1953"	} 

@book{Perelman97, 
	author = "L. C. Perelman and J. Paradis and E. Barrett", 
	title  = "Mayfield Handbook of Technical and Scientific Writing", 
	publisher= "Mountain View", 
	address= "Mayfield",
	month  = "April", 
	year   = "1997",
	note = "http://mit.imoat.net/handbook/"	}
    
@misc{Lees-Miller-LaTeX-course-1,
    author = {John D Lees-Miller},
    title = {{Free and Interactive Online Introduction to LaTeX}},
    howpublished = "Overleaf, 26 February 2015  \url{https://www.overleaf.com/latex/learn/free-online-introduction-to-latex-part-1}", 
    note = "(Accessed: 15 September 2015)" }
    
    @Conference{truc_dca_18,
    author    = {Truc Nguyen and Franz Pernkopf},
    title     = {Acoustic Scene Classification Using A Convolutional Neural Network Ensemble And Nearest Neighbor Filters},
    booktitle = {Proc. DCASE},
    pages     = {34-38},
    year      = {2018}
}

@Conference{truc_dca_18_icme,
  title={Acoustic Scene Classification with Mismatched Recording Devices Using Mixture of Experts Layer},
  author={Nguyen, Truc and Pernkop, Franz},
  booktitle={Proc. ICME},
  pages={1666-1671},
  year={2019}
}

@Conference{zei_dca_18,
    title={Convolutional neural networks and x-vector embedding for {DCASE2018} acoustic scene classification challenge},
    author={Zeinali, Hossein and Burget, Lukas and Cernocky, Jan},
    booktitle = {Proc. DCASE},
    pages     = {202-206},
    year      = {2018}
}


@article{huy_j01,
    author    = {Huy Phan and Lars Hertel and Marco Maass and Philipp Koch and Radoslaw Mazur and Alfred Mertins},
    title     = {Improved Audio Scene Classification Based on Label-Tree Embeddings and Convolutional Neural Networks},
    journal   = {IEEE Trans. Audio, Speech and Language Proc.},
    number    = {6},
    pages     = {1278-1290},
    volume    = {25},
    year      = {2017}
}

@inproceedings{huy_dca_16,
  title={Label tree embeddings for acoustic scene classification},
  author={Phan, Huy and Hertel, Lars and Maass, Marco and Koch, Philipp and Mertins, Alfred},
  booktitle={Proc. ACM},
  pages={486--490},
  year={2016},
}

@techreport{park_dca_16,
    Author = "Park, Sangwook and Mun, Seongkyu and Lee, Younglo and Ko, Hanseok",
    title = "Score Fusion of Classification Systems for Acoustic Scene Classification",
    institution = "DCASE2016 Challenge",
    year = "2016"
}

@techreport{jung_dca_18,
  title={{DNN} based multi-level features ensemble for acoustic scene classification},
  author={Jung, Jee-weon and Heo, Hee-soo and Shim, Hye-jin and Yu, Hajin},
  institution={DCASE2018 Challenge},
  year={2018}
}

@article{zhao_dca_17,
  title={Deep scalogram representations for acoustic scene classification},
  author={Ren, Zhao and Qian, Kun and Wang, Yebin and Zhang, Zixing and Pandit, Vedhas and Baird, Alice and Schuller, Bjorn},
  journal={IEEE/CAA Journal of Automatica Sinica},
  volume={5},
  number={3},
  pages={662--669},
  year={2018},
  publisher={IEEE}
}
@article{dorfer_dca_18,
  title={Acoustic scene classification with fully convolutional neural networks and I-vectors},
  author={Dorfer, Matthias and Lehner, Bernhard and Eghbal-zadeh, Hamid and Christop, Heindl and Fabian, Paischer and Gerhard, Widmer},
  journal={Tech. Rep., DCASE2018 Challenge},
  year={2018}
}

@techreport{yuma_dca_18,
  title={Acoustic scene classification by ensemble of spectrograms based on adaptive temporal divisions},
  author={Sakashita, Yuma and Aono, Masaki},
  institution={DCASE},
  year={2018}
}

@Conference{hong_dca_18,
  title={Acoustic Scene Classification by Implicitly Identifying Distinct Sound Events},
  author={Song, Hongwei and Han, Jiqing and Deng, Shiwen and Du, Zhihao},
  booktitle={Proc. INTERSPEECH},
  pages={3860-3864},
  year={2019}
}

@Conference{yang_dca_18,
    author    = {Yang, Liping and Chen, Xinxing and Tao, Lianjie},
    title     = {Acoustic Scene Classification Using Multi-Scale Features},
    booktitle = {Proc. DCASE},
    pages     = {29-33},
    year      = {2018}
}

@Conference{lidy_dca_16,
  title={{CQT}-based convolutional neural networks for audio scene classification},
  author={Lidy, Thomas and Schindler, Alexander},
  booktitle={pro. DCASE},
  pages={1032--1048},
  year={2016}
}

@Conference{bae_dca_16,
  title={Acoustic scene classification using parallel combination of {LSTM} and {CNN}},
  author={Bae, Soo Hyun and Choi, Inkyu and Kim, Nam Soo},
  booktitle={Proc. DCASE},
  pages={11-15},
  year={2016}
}

@Conference{zhao_dca_18,
    author    = {Zhao, Ren and Qiuqiang, Kong and Kun, Qian and Mark, D.Plumbley and Bjorn, W.Schuller1},
    title     = {Attention-Based Convolutional Neural Networks For Acoustic Scene Classification},
    booktitle = {Proc. DCASE},
    pages     = {39-43},
    year      = {2018}
}

@inproceedings{zhao_dca_18_ica,
    author={Z. {Ren} and Q. {Kong} and J. {Han} and M. D. {Plumbley} and B. W. {Schuller}},
    title={Attention-based Atrous Convolutional Neural Networks: Visualisation and Understanding Perspectives of Acoustic Scenes},
    booktitle={Proc. ICASSP},
    pages={56-60},
    year={2019}
}

@inproceedings{phaye_dca_18,
    author = {Phaye, Sai and Benetos, Emmanouil and Wang, Ye},
    title  = {{SubSpectralNet} Using Sub-spectrogram Based Convolutional Neural Networks for Acoustic Scene Classification},
    booktitle={Proc. ICASSP},
    pages  = {825-829},
    year   = {2019}
}

@Conference{dca_18_db,
    author    = {Mesaros, Annamaria and Heittola, Toni and Virtamen, Tumas},
    title     = {A Multi-Device Dataset For Urban Acoustic Scene Classification},
    booktitle = {Proc. DCASE},
    pages     = {9-13},
    year      = {2018}
}

@inproceedings{dca_16_db,
  title={{TUT} database for acoustic scene classification and sound event detection},
  author={Mesaros, Annamaria and Heittola, Toni and Virtanen, Tuomas},
  booktitle={Proc. EUSIPCO},
  pages={1128-1132},
  year={2016}
}

@Conference{hos_dca_18,
    author={Zeinali, Hossein and Burget, Lukas and Cernocky, Jan},
    title={Convolutional neural networks and {X}-vector embedding for {DCASE2018} acoustic scene classification challenge},
    booktitle = {Proc. DCASE},
    pages     = {202-206},
    year      = {2018}
}

@inproceedings{song_dca_16,
  title={A compact and Discriminative Feature Based on Auditory Summary Statistics for Acoustic Scene Classification},
  author={Song, Hongwei and Han, Jiqing and Deng Shiwen},
  booktitle={Proc. INTERSPEECH},
  pages={3294--3298},
  year={2018}
}
@article{rako_dca_16,
  title={Supervised representation learning for audio scene classification},
  author={Rakotomamonjy, Alain and Rakotomamonjy, Alain},
  journal={IEEE/ACM Trans. Audio, Speech and Language Proc.},
  volume={25},
  number={6},
  pages={1253-1265},
  year={2017}
}
@inproceedings{erik_dca_16,
  title={Pairwise decomposition with deep neural networks and multiscale kernel subspace learning for acoustic scene classification},
  author={Marchi, Erik and Tonelli, Dario and Xu, Xinzhou and Ringeval, Fabien and Deng, Jun and Squartini, Stefano and Schuller, Bj{\"o}rn},
  booktitle={Proc. DCASE},
  pages={65-69},
  year={2016}
}

@conference{huy_lit_aes,
    title = {Beyond Equal-Length Snippets: How Long Is Sufficient to Recognize an Audio Scene?},
    author = {Phan, Huy and Chén, Oliver Y. and Koch, Philipp and Pham, Lam and McLoughlin, Ian and Mertins, Alfred and De Vos, Maarten},
    booktitle = {Proc. AES},
    month = {Jun},
    year = {2019}
}

@inproceedings{huy_lit_int,
    author = {Phan, Huy and Chén, Oliver and Pham, Lam and Koch, Philipp and de Vos, Maarten and Mcloughlin, Ian and Mertins, Alfred},
    title = {Spatio-Temporal Attention Pooling for Audio Scene Classification},
    booktitle={Proc. INTERSPEECH},
    year = {2019},
    pages = {3845-3849}
}


@article{mixup2,
  title={Learning from between-class examples for deep sound recognition},
  author={Tokozume, Y. and Ushiku, Y. and Harada, T.},
  journal={in ICLR},
  year={2018}
}

@conference{lam_dca_18,
    title = {Bag-of-Features Models Based on {C-DNN} Network for Acoustic Scene Classification},
    author = {Pham, Lam and McLoughlin, Ian and Phan, Huy and Palaniappan, Ramaswamy and Lang, Yue},
    booktitle = {Proc. AES},
    year = {2019}
}
%#booktitle = {Audio Engineering Society Conference: 2019 AES International Conference on Audio Forensics},

@book{ian_bk,
  Author         = {Ian Vince McLoughlin},
  Title          = {Speech and Audio Processing: a MATLAB-based approach},
 isbn = {9-781-10708-5466},
 publisher = "Cambridge University Press", 
 year = 2016
}
#---------------------------------------------------------------------#

%%============================================= DCASE 2018

@Conference{octave_exploring,
    author    = {Mariotti, Octave and Cord, Matthieu and Schwander, Olivier},
    title     = {Exploring Deep Vision Models For Acoustic Scene Classification},
    booktitle = {Proc. DCASE},
    pages     = {103-107},
    year      = {2018}
}

@Conference{christian_use,
    author    = {Christian Roletscheck  and Tobias Watzka and Andreas Seiderer and Dominik Schiller and Elisabeth Andr{\'e}},
    title     = {Using An Evolutionary Approach To Explore Convolutional Neural Networks For Acoustic Scene Classification},
    booktitle = {Proc. DCASE},
    pages     = {158-162},
    year      = {2018}
}

@Conference{jee_dnn,
    author    = {Jee-weon and Jung, Hee-soo and Heo, Hye-jin and Shim, Ha-jin and Yu},
    title     = {DNN Based Multi-Level Feature Ensemble For Acoustic Scene Classification},
    booktitle = {Proc. DCASE},
    pages     = {118-122},
    year      = {2018}
}


@Conference{hossein_conv,
    author    = {Hossein Zeinali and Lukas Burget and Jan Cernocky},
    title     = {Convolutional Neural Networks And X-Vector Embedding For {DCASE2018} Acoustic Scene Classification Challenge},
    booktitle = {Proc. DCASE},
    pages     = {202-206},
    year      = {2018}
}



@article{koutini,
  title={Receptive-field-regularized CNN variants for acoustic scene classification},
  author={Koutini, Khaled and Eghbal-zadeh, Hamid and Widmer, Gerhard},
  journal={arXiv preprint arXiv:1909.02859},
  year={2019}
}

@article{heo,
  title={Acoustic scene classification using teacher-student learning with soft-labels},
  author={Heo, Hee-Soo and Jung, Jee-weon and Shim, Hye-jin and Yu, Ha-Jin},
  journal={arXiv preprint arXiv:1904.10135},
  year={2019}
}
%=============================%





@article{JiangBing2014,
    author = {Jiang, Bing AND Song, Yan AND Wei, Si AND Liu, Jun-Hua AND McLoughlin, Ian Vince AND Dai, Li-Rong},
    journal = {PLoS ONE},
    publisher = {Public Library of Science},
    title = {Deep Bottleneck Features for Spoken Language Identification},
    year = {2014},
    month = {07},
    volume = {9},
    pages = {e100795},
    number = {7}}


@book{CUPbook2016,
  Author         = {Ian Vince McLoughlin},
  Title          = {Speech and Audio Processing: a MATLAB-based approach},
 isbn = {9-781-10708-5466},
 publisher = "Cambridge University Press", 
 year = 2016
}

@inproceedings{ivmCNNsounddet,
  title={Robust Sound Event Recognition using Convolutional Neural Networks},
  author={Haomin Zhang and Ian McLoughlin and Yan Song},
  booktitle={Proc. ICASSP},
 number=2635,
 pages={559--563},
   month=apr,
  year={2015}
}

@article{ivmDNNsounddet,
  title={Robust Sound Event Classification using Deep Neural Networks},
  author={Ian McLoughlin and H.-M.  Zhang and Z.-P. Xie and Y Song  and W Xiao},
  journal={IEEE Trans. Audio, Speech, and Language Proc.},
volume=23,
issue=3,
pages={540--552},
  year={2015},
  month=mar,
  publisher={IEEE}
}


@article{mcloughlin2017continuous,
  title={Continuous robust sound event classification using time-frequency features and deep learning},
  author={McLoughlin, Ian and Zhang, Haomin and Xie, Zhipeng and Song, Yan and Xiao, Wei and Phan, Huy},
  journal={PloS one},
  volume={12},
  number={9},
  pages={e0182309},
  year={2017},
  publisher={Public Library of Science}
}

@book{lyon2017_bk,
    author    = {Lyon, Richard F.},
    title     = {{Human and Machine Hearing}},
    publisher = {Cambridge University Press},
    year      = {2017}
}

%==================================== SOURCE: TOOL ========================================



@Conference{librosa_tool,
    author    = {McFee and Brian and Colin, Raffel and Dawen, Liang and Daniel. PW.Ellis and Matt, McVicar and Eric, Battenberg and Oriol, Nieto},
    title     = {librosa: Audio and music signal analysis in python},
    booktitle = {Proceedings of The 14th Python in Science Conference},
    pages     = {18-25},
    year      = {2015}
}

%============================================= SOURCE: DCASE- 2016
@article{dcase2016_outcome,
  title={Detection and classification of acoustic scenes and events: Outcome of the dcase 2016 challenge},
  author={Mesaros, Annamaria and Heittola, Toni and Benetos, Emmanouil and Foster, Peter and Lagrange, Mathieu and Virtanen, Tuomas and Plumbley, Mark D},
  journal={IEEE Trans. Audio, Speech and Language Proc.},
  volume={26},
  number={2},
  pages={379-393},
  year={2018}
}


@techreport{Eghbal-Zadeh2016,
    Author = "Eghbal-Zadeh, Hamid and Lehner, Bernhard and Dorfer, Matthias and Widmer, Gerhard",
    title = "{CP-JKU} Submissions for {DCASE}-2016: a Hybrid Approach Using Binaural I-Vectors and Deep Convolutional Neural Networks",
    institution = "DCASE2016 Challenge",
    month = "September",
    year = "2016"
}

@techreport{Bisot2016,
    Author = "Bisot, Victor and Serizel, Romain and Essid, Slim and Richard, Gaël",
    title = "Supervised Nonnegative Matrix Factorization for Acoustic Scene Classification",
    institution = "DCASE2016 Challenge",
    month = "September",
    year = "2016"
}

@techreport{Marchi2016,
    Author = "Marchi, Erik and Tonelli, Dario and Xu, Xinzhou and Ringeval, Fabien and Deng, Jun and Squartini, Stefano and Schuller, Björn",
    title = "The Up System for The 2016 {DCASE} Challenge Using Deep Recurrent Neural Network and Multiscale Kernel Subspace Learning",
    institution = "DCASE2016 Challenge",
    month = "September",
    year = "2016"
}

@techreport{Valenti2016,
    Author = "Valenti, Michele and Diment, Aleksandr and Parascandolo, Giambattista and Squartini, Stefano and Virtanen, Tuomas",
    title = "{DCASE} 2016 Acoustic Scene Classification Using Convolutional Neural Networks",
    institution = "DCASE2016 Challenge",
    month = "September",
    year = "2016"
}

@techreport{Elizalde2016,
    Author = "Elizalde, Benjamin and Kumar, Anurag and Shah, Ankit and Badlani, Rohan and Vincent, Emmanuel and Raj, Bhiksha and Lane, Ian",
    title = "Experiments on The {DCASE} Challenge 2016: Acoustic Scene Classification and Sound Event Detection in Real Life Recording",
    institution = "DCASE2016 Challenge",
    month = "September",
    year = "2016"
}
@techreport{Takahashi2016,
    Author = "Takahashi, Gen and Yamada, Takeshi and Makino, Shoji and Ono, Nobutaka",
    title = "Acoustic Scene Classification Using Deep Neural Network and Frame-Concatenated Acoustic Feature",
    institution = "DCASE2016 Challenge",
    month = "September",
    year = "2016"
}
@techreport{Kim2016,
    Author = "Kim, Jaehun and Lee, Kyogu",
    title = "Empirical Study on Ensemble Method of Deep Neural Networks for Acoustic Scene Classification",
    institution = "DCASE2016 Challenge",
    month = "September",
    year = "2016"
}
@techreport{Han2016,
    Author = "Han, Yoonchang and Lee, Kyogu",
    title = "Convolutional Neural Network with Multiple-Width Frequency-Delta Data Augmentation for Acoustic Scene Classification",
    institution = "DCASE2016 Challenge",
    month = "September",
    year = "2016"
}

@article{moritz2016,
  title={Acoustic Scene Classification using Time-Delay Neural Networks and Amplitude Modulation Filter Bank Features},
  author={Moritz, Niko and Schr{\"o}der, Jens and Goetze, Stefan and Anem{\"u}ller, J{\"o}rn and Kollmeier, Birger},
  journal={complexity},
  volume={12},
  pages={13},
  year={2016}
}

%============== Compare with recent paper - DCASE2016
@inproceedings{hyder2017int,
  title={Acoustic Scene Classification Using a {CNN}-SuperVector System Trained with Auditory and Spectrogram Image Features.},
  author={Hyder, Rakib and Ghaffarzadegan, Shabnam and Feng, Zhe and Hansen, John HL and Hasan, Taufiq},
  booktitle={Proc. INTERSPEECH},
  pages={3073--3077},
  year={2017}
}

@inproceedings{Waldekar2018int,
  title={Wavelet Transform based Mel-scaled Features for Acoustic Scene Classification},
  author={Waldekar, Shefali and Saha, Goutam},
  booktitle={Proc. INTERSPEECH},
  pages={3323--3327},
  year={2018}
}
@inproceedings{yin2018learning,
  title={Learning and fusing multimodal deep features for acoustic scene categorization},
  author={Yin, Yifang and Shah, Rajiv Ratn and Zimmermann, Roger},
  booktitle={Proc. ACM},
  pages={1892--1900},
  year={2018},
  organization={ACM}
}
@inproceedings{Song2018int,
  title={A compact and Discriminative Feature Based on Auditory Summary Statistics for Acoustic Scene Classification},
  author={Song, Hongwei and Han, Jiqing and Deng Shiwen},
  booktitle={Proc. INTERSPEECH},
  pages={3294--3298},
  year={2018}
}

@inproceedings{mun2017ica,
  title={Deep neural network based learning and transferring mid-level audio features for acoustic scene classification},
  author={Mun, Seongkyu and Shon, Suwon and Kim, Wooil and Han, David K and Ko, Hanseok},
  booktitle={Proc. ICASSP},
  pages={796--800},
  year={2017}
}

@inproceedings{li2017icas,
  title={A comparison of deep learning methods for environmental sound detection},
  author={Li, Juncheng and Dai, Wei and Metze, Florian and Qu, Shuhui and Das, Samarjit},
  booktitle={Proc. ICASSP},
  pages={126-130},
  year={2017}
}



@techreport{dcase2016_baseline,
    Author = "Heittola, Toni and Mesaros, Annamaria and Virtanen, Tuomas",
    title = "{DCASE}2016 Baseline System",
    institution = "DCASE2016 Challenge",
    month = "September",
    year = "2016"
}

%============================================= LITIS Rouen Paper 
@article{rako2015his,
  title={Histogram of gradients of time--frequency representations for audio scene classification},
  author={Rakotomamonjy, Alain and Gasso, Gilles},
  journal={IEEE Trans. Audio, Speech and Language Proc.},
  volume={23},
  number={1},
  pages={142--153},
  year={2015}
}


@article{rako2017_lit_d16,
  title={Supervised representation learning for audio scene classification},
  author={Rakotomamonjy, Alain},
  journal={IEEE Trans. Audio, Speech and Language Proc.},
  volume={25},
  number={6},
  pages={1253--1265},
  year={2017}
}
@inproceedings{bisot2015hog,
  title={HOG and subband power distribution image features for acoustic scene classification},
  author={Bisot, Victor and Essid, Slim and Richard, Ga{\"e}l},
  booktitle={23rd European Signal Processing Conference (EUSIPCO)},
  pages={719--723},
  year={2015},
  organization={IEEE}
}
@inproceedings{petetin2015deep,
  title={Deep neural networks for audio scene recognition},
  author={Petetin, Yohan and Laroche, Cyrille and Mayoue, Aur{\'e}lien},
  booktitle={23rd European Signal Processing Conference (EUSIPCO)},
  pages={125--129},
  year={2015},
  organization={IEEE}
}
@inproceedings{bisot2016hog,
  title={Acoustic scene classification with matrix factorization for unsupervised feature learning},
  author={Bisot, Victor and Serizel, Romain and Essid, Slim and Richard, Ga{\"e}l},
  booktitle={Proc. ICASSP},
  pages={6445--6449},
  year={2016},
  organization={IEEE}
}
@inproceedings{ye2015,
  title={Acoustic scene classification based on sound textures and events},
  author={Ye, Jiaxing and Kobayashi, Takumi and Murakawa, Masahiro and Higuchi, Tetsuya},
  booktitle={Proc. ACM},
  pages={1291--1294},
  year={2015},
  organization={ACM}
}

@Conference{ale_transfer,
    author    = {Aleksandr Diment and Tuomas Virtanen},
    title     = {Transfer Learning of Weakly Lable Audio},
    booktitle = {2017 IEEE Workshop on Applications of Signal Processing to Audio and Acoustics},
    pages     = {18-25},
    year      = {2017}
}

%======================================= Application


@article{quoc2013_ap,
    author  = {Viet, Quoc Nguyen and Kang, Hoseok and Chung, Sun Tae and Cho, Seongwon and Lee, Keeseong and Seol, Taein},
    journal = {Advanced Technologies for Communications},
    pages   = {392-397},
    title   = {Real-time audio surveillance system for PTZ camera},
    year    = {2013}
}

@INPROCEEDINGS{chu2006_ap, 
    author = {S. Chu and S. Narayanan and C. -. J. Kuo and M. J. Mataric}, 
    title  = {Where am I? Scene Recognition for Mobile Robots using Audio Features}, 
    booktitle = {Multimedia and Expo}, 
    year   = {2006}, 
    pages  = {885-888}, 
    month = {July}
}

@article{ravi2005_ap,
    author  = {Ravindran, S. and Anderson, D.V.},
    journal = {Proceedings of the IEEE International Symposium on Circuits and Systems (ISCAS)},
    title   = {Audio Classification And Scene Recognition and for Hearing Aids},
    pages   = {860-863},
    year    = {2005}
}

@article{toni2013_context,
    author  = {Heittola, Toni and Mesaros, Annamaria and Eronen, Antti and Virtanen, Tuomas},
    title   = {Context-Dependent Sound Event Detection},
    journal = {Eurasip Journal on Audio, Speech, and Music Processing},
    number  = {1},
    pages   = {1-13},
    volume  = {2013},
    year    = {2013}
}



%========================================= DCASE 2018
@Conference{michele_dcase,
    author    = {Michele and Valenti, Aleksandr and Diment, Giambattista and Parascandolo, Stefano and Squartini, Tuomas and Virtanen},
    title     = {{DCASE} 2016 Acoustic Scene Classification Using Convolutional Neural Networks},
    booktitle = {Detection and Classification of Acoustic Scenes and Events},
    pages     = {95-99},
    year      = {2016}
}


%======================================================= OTHER 
@Conference{ale_transfer,
    author    = {Aleksandr Diment and Tuomas Virtanen},
    title     = {Transfer Learning of Weakly Lable Audio},
    booktitle = {IEEE Workshop on Applications of Signal Processing to Audio and Acoustics},
    pages     = {18-25},
    year      = {2017}
}

%======================================================= DATA AUGMENTATION

@inproceedings{aug_noise1,
  title={Learning environmental sounds with end-to-end convolutional neural network},
  author={Tokozume, Yuji and Harada, Tatsuya},
  booktitle={ICASSP},
  pages={2721-2725},
  year={2017}
}
@article{aug_noise_shift1,
  title={Deep convolutional neural networks and data augmentation for environmental sound classification},
  author={Salamon, Justin and Bello, Juan Pablo},
  journal={IEEE Signal Processing Letters},
  volume={24},
  number={3},
  pages={279--283},
  year={2017}
}
@techreport{Mun2017,
    Author = "Mun, Seongkyu and Park, Sangwook and Han, David and Ko, Hanseok",
    institution = "DCASE2017 Challenge",
    title = "Generative Adversarial Network Based Acoustic Scene Training Set Augmentation and Selection Using {SVM} Hyper-Plane",
    year = "2017"
}


@article{mixup_image,
  title={mixup: Beyond empirical risk minimization},
  author={Zhang, Hongyi and Cisse, Moustapha and Dauphin, Yann N and Lopez-Paz, David},
  journal={arXiv preprint arXiv:1710.09412},
  year={2017}
}

@techreport{kong,
    Author = "Kong, Qiuqiang and Turab, Iqbal and Yong, Xu and Wang, Wenwu and Plumbley, Mark D.",
    title = "{DCASE} 2018 Challenge Surrey Cross-Task Convolutional Neural Network Baseline",
    institution = "DCASE 2018 Challenge",
    year = "2018"
}
@techreport{walde,
    Author = "Waldekar, Shefali and Saha, Goutam",
    institution = "DCASE 2018 Challenge",
    title = "Wavelet-Based Audio Features for Acoustic Scene Classification",
    year = "2018"
}

@techreport{tch,
    Author = "Tchorz, Juergen",
    institution = "DCASE 2018 challenge",
    title = "Combination of Amplitude Modulation Spectrogram Features and {MFCCs} for Acoustic Scene Classification",
    year = "2018"
}


@inproceedings{lam_dca_16_int,
author = {Pham, Lam and Mcloughlin, Ian and Phan, Huy and Palaniappan, Ramaswamy},
title = {A Robust Framework for Acoustic Scene Classification},
booktitle={Proc. INTERSPEECH},
month = {09},
pages = {3634-3638},
year = {2019}
}




@article{truc_dca_18_int,
  title={Acoustic Scene Classification with Mismatched Devices Using CliqueNets and Mixup Data Augmentation},
  author={Nguyen, Truc and Pernkopf, Franz},
  journal={Proc. INTERSPEECH},
  pages={2330-2334},
  year={2019}
}


@article{bai,
  title={A Hybrid Approach to Acoustic Scene Classification Based on Universal Acoustic Models},
  author={Bai, Xue and Du, Jun and Wang, Zi-Rui and Lee, Chin-Hui},
  journal={Proc. INTERSPEECH},
  pages={3619-3623},
  year={2019}
}

#==== COMPARE TO THE STATE OF THE ART
@techreport{yuma,
  title={Acoustic scene classification by ensemble of spectrograms based on adaptive temporal divisions},
  institution = "DCASE Challenge",
  author={Sakashita, Yuma and Aono, Masaki},
    year = "2018"
}
@Conference{yang_acoustic,
    author    = {Yang, Liping and Chen, Xinxing and Tao, Lianjie},
    title     = {Acoustic Scene Classification Using Multi-Scale Features},
    booktitle = {Proc. Proc.},
    pages     = {29-33},
    year      = {2018}
}
@Conference{zhaoren_attention,
    author    = {Zhao, Ren and Qiuqiang, Kong and Kun, Qian and Mark, D.Plumbley and Bjorn, W.Schuller1},
    title     = {Attention-Based Convolutional Neural Networks For Acoustic Scene Classification},
    booktitle = {Proc. DCASE},
    pages     = {39-43},
    year      = {2018}
}
@inproceedings{Zhao_ica_19,
    author={Z. {Ren} and Q. {Kong} and J. {Han} and M. D. {Plumbley} and B. W. {Schuller}},
    booktitle={Proc. ICASSP},
    title={Attention-based Atrous Convolutional Neural Networks: Visualisation and Understanding Perspectives of Acoustic Scenes},
    pages={56-60},
    year={2019}
}
@techreport{Park2016,
    Author = "Park, Sangwook and Mun, Seongkyu and Lee, Younglo and Ko, Hanseok",
    title = "Score Fusion of Classification Systems for Acoustic Scene Classification",
    institution = "DCASE2016 Challenge",
    month = "September",
    year = "2016"
}
@inproceedings{zhang_lit_int,
  title={Temporal Transformer Networks for Acoustic Scene Classification.},
  author={Zhang, Teng and Zhang, Kailai and Wu, Ji},
  booktitle={Proc. INTERSPEECH},
  pages={1349--1353},
  year={2018}
}
@inproceedings{zhang_lit_int02,
  title={Data Independent Sequence Augmentation Method for Acoustic Scene Classification.},
  author={Zhang, Teng and Zhang, Kailai and Wu, Ji},
  booktitle={Proc. INTERSPEECH},
  pages={3289--3293},
  year={2018}
}
@inproceedings{huy_lit_int02,
    author = {Phan, Huy and Koch, Philipp and Katzberg, Fabrice and Maass, Marco and Mazur, Radoslaw and Mertins, Alfred},
    title = {Audio Scene Classification with Deep Recurrent Neural Networks},
    booktitle={Proc. INTERSPEECH},
    year = {2017},
    pages = {3845-3849}
}

@article{ye_lit,
  title={Acoustic scene classification using efficient summary statistics and multiple spectro-temporal descriptor fusion},
  author={Ye, Jiaxing and Kobayashi, Takumi and Toyama, Nobuyuki and Tsuda, Hiroshi and Murakawa, Masahiro},
  journal={Applied Sciences},
  volume={8},
  number={8},
  pages={1363},
  year={2018}
}

@inproceedings{ye_lit_02,
  title={Acoustic scene classification based on sound textures and events},
  author={Ye, Jiaxing and Kobayashi, Takumi and Murakawa, Masahiro and Higuchi, Tetsuya},
  booktitle={Proc. ACM},
  pages={1291--1294},
  year={2015}
}

@article{gao_dc18,
  title={An Adversarial Feature Distillation Method for Audio Classification},
  author={Gao, Liang and Mi, Haibo and Zhu, Boqing and Feng, Dawei and Li, Yicong and Peng, Yuxing},
  journal={IEEE Access},
  volume={7},
  pages={105319--105330},
  year={2019}
}

@techreport{lam_dc19,
    Author = "Pham, Lam and McLoughlin, Ian and Phan, Huy and Palaniappan, Ramaswamy",
    title = "A Multi-Spectrogram Deep Neural Network for Acoustic Scene Classification",
    institution = "DCASE2019 Challenge",
    year = "2019",
    month = "June"
}

@inproceedings{close_dc19,
  title={Acoustic scene classification in {DCASE} 2019 challenge: closed and open set classification and data mismatch setups},
  author={Mesaros, Annamaria and Heittola, Toni and Virtanen, Tuomas},
  booktitle={Proc. DCASE},
  year={2019},
  pages={164-168}
}

@article{ivm_cssp2019,
    Author = "Ian McLoughlin and Zhipeng Xie and Yan Song and Huy Phan and Ramaswamy Palaniappan",
    title = "Time-Frequency Feature Fusion for Noise Robust Audio Event Classification",
    booktitle = "J. Circuits Syst. Signal Proc.",
    year = "2019",
   doi={10.1007/s00034-019-01203-0}
}

@inproceedings{huyearly_2018,
Author = "Huy Phan and Phillip Koch, and Ian McLoughlin and Alfred Mertins",	
title="Enabling Early Audio Event Detection With Neural Networks",
booktitle={Proc. ICASSP},
year = {2018}
}


@inproceedings{ivmearly_2018,
Author = "Ian McLoughlin and Yan Song and Lam Dam Pham and Huy Pham and Palaniappan Ramaswamy and Lang Yue",	
title="Early detection of continuous and partial audio events using {CNN}",
booktitle={Proc. INTERSPEECH},
  year = {2018}
}
  %pages={3314--3318},

%===================================== LUNG ================ #
@article{sound_early_01,
  title={A simple computer-based measurement and analysis system of pulmonary auscultation sounds},
  author={Polat, H{\"u}seyin and G{\"u}ler, {\.I}nan},
  journal={Journal of medical systems},
  volume={28},
  number={6},
  pages={665--672},
  year={2004},
  publisher={Springer}
}

@INPROCEEDINGS{sound_early_02,
author={R. J. {Riella} and P. {Nohama} and R. F. {Borges} and A. L. {Stelle}},
booktitle={Proc. EMBC},
title={Automatic wheezing recognition in recorded lung sounds},
volume={3},
pages={2535-2538},
month={Sep.},
year={2003}
}
@article{sound_early_03,
  title={Analysis of respiratory sounds: state of the art},
  author={Reichert, Sandra and Gass, Raymond and Brandt, Christian and Andr{\`e}s, Emmanuel},
  journal={Clinical medicine. Circulatory, respiratory and pulmonary medicine},
  volume={2},
  pages={CCRPM--S530},
  year={2008}
}

@article{chang_2010,
  title={Performance evaluation and enhancement of lung sound recognition system in two real noisy environments},
  author={Chang, Gwo-Ching and Lai, Yung-Fa},
  journal={Computer methods and programs in biomedicine},
  volume={97},
  number={2},
  pages={141--150},
  year={2010}
}
@article{abbas_2010,
  title={An automated computerized auscultation and diagnostic system for pulmonary diseases},
  author={Abbas, Ali and Fahim, Atef},
  journal={Journal of medical systems},
  volume={34},
  number={6},
  pages={1149--1155},
  year={2010}
}

@url{aud_tool,
  author = {Ellis, D P W (2009)},
  title  = {Gammatone-like spectrogram},
  url   = {http://www.ee.columbia.edu/ dpwe/resources/matlab/ gammatonegram},
  year = {2009}
}


@url{who,
  author = {World Health Organization},
  title  = {The global impact of respiratory diseases (second edition)},
  url   = {https://www.who.int/gard/publications/The_Global_Impact_of_Respiratory_Disease.pdf},
  year = {2017}
}

@inproceedings{lung_hmm_01,
  title={Classification between normal and abnormal respiratory sounds based on stochastic approach},
  author={Yamamoto, Hitoshi and Matsunaga, Shoichi and Yamashita, Masaru and Yamauchi, Katsuya and Miyahara, Sueharu},
  booktitle={Proc. 20th International Congress on Acoustics},
  year={2010}
}

@inproceedings{lung_hmm_03,
  title={Hidden Markov Model-Based Asthmatic Wheeze Recognition Algorithm Leveraging the Parallel Ultra-Low-Power Processor (PULP)},
  author={Oletic, Dinko and Matijascic, Marko and Bilas, Vedran and Magno, Michele},
  booktitle={2019 IEEE Sensors Applications Symposium},
  pages={1--6},
  year={2019}
}

@inproceedings{lung_tree_18,
  title={Automatic Detection of Patient with Respiratory Diseases Using Lung Sound Analysis},
  author={Chambres, G. and Hanna, P. and Desainte, C.M.},
  booktitle={Proc. CBMI},
  pages={1--6},
  year={2018}
}

@article{lung_knn_svm_17,
  title={Lung sound classification using local binary pattern},
  author={Sengupta, Nandini and Sahidullah, Md and Saha, Goutam},
  journal={arXiv preprint arXiv:1710.01703},
  year={2017}
}
@article{lung_hmm_04,
  title={Discriminating Between Healty Subjects and Patients with Pigment Dispersion Syndrome or Pigmentary Glaucoma by Ultrasound Biomicroscopy (UBM)},
  author={Ungaro, N and Mora, P and Ghirardini, S and Sangermani, C and Bacchi, G and Tardini, M and Gandolfi, S},
  journal={Investigative Ophthalmology \& Visual Science},
  volume={50},
  number={13},
  pages={3365--3365},
  year={2009}
}

@article{lung_svm_01,
  title={Feature Extraction for Machine Learning Based Crackle Detection in Lung Sounds from a Health Survey},
  author={Gr{\o}nnesby, M. and Solis, J.C.A. and Holsb{\o}, E. and Melbye, H. and Bongo, L.A.},
  journal={preprint arXiv:1706.00005},
  year={2017}
}
@article{lung_cnn_01,
  title={Classification of lung sounds using convolutional neural networks},
  author={Aykanat, M. and K{\i}l{\i}{\c{c}}, {\"O}. and Kurt, B. and Saryal, S.},
  journal={EURASIP Journal on Image and Video Processing},
  volume={2017},
  number={1},
  pages={65},
  year={2017}
}
@inproceedings{lung_cnn_02,
  title={Convolutional Neural Networks Learning from Respiratory data},
  author={Perna, Diego},
  booktitle={Proc. BIBM},
  pages={2109--2113},
  year={2018}
}
@inproceedings{lung_rnn_01,
  title={Deep auscultation: Predicting respiratory anomalies and diseases via recurrent neural networks},
  author={Perna, D. and Tagarelli, A.},
  booktitle={Proc. CBMS},
  pages={50--55},
  year={2019}
}
@inproceedings{lung_rnn_02,
  title={Noise Masking Recurrent Neural Network for Respiratory Sound Classification},
  author={Kochetov, K. and Putin, E. and Balashov, M. and Filchenkov, A. and Shalyto, A.},
  booktitle={Proc. ICANN},
  pages={208--217},
  year={2018}
}
@inproceedings{lung_rnn_03,
  title={Crackle and breathing phase detection in lung sounds with deep bidirectional gated recurrent neural networks},
  author={Messner, Elmar and Fediuk, Melanie and Swatek, Paul and Scheidl, Stefan and Smolle-Juttner, Freyja-Maria and Olschewski, Horst and Pernkopf, Franz},
  booktitle={Proc. EMBC},
  pages={356--359},
  year={2018}
}

@incollection{lung_dataset,
  title={A respiratory sound database for the development of automated classification},
  author={Rocha, B.M., and others},
  booktitle={Precision Medicine Powered by pHealth and Connected Health},
  pages={33--37},
  year={2018}
}
@article{lung_event_pro,
  title={Auscultation of the respiratory system},
  author={Sarkar, Malay and Madabhavi, Irappa and Niranjan, Narasimhalu and Dogra, Megha},
  journal={Annals of thoracic medicine},
  volume={10},
  number={3},
  pages={158},
  year={2015}
}
@incollection{lung_wavelet_01,
  title={An automated lung sound preprocessing and classification system based onspectral analysis methods},
  author={Serbes, G. and Ulukaya, S. and Kahya, Y. P.},
  booktitle={Precision Medicine Powered by pHealth and Connected Health},
  pages={45--49},
  year={2018}
}

@inproceedings{pham2020_01,
  title={Robust deep learning framework for predicting respiratory anomalies and diseases},
  author={Pham, L. and McLoughlin, I. and Phan, H. and Tran, M. and Nguyen, T. and Palaniappan, R.},
  booktitle={Proc. EMBC},
  pages={164--167},
  year={2020}
  }


@INPROCEEDINGS{ic_cnn_19_iccas, 
    author={K. {Minami} and H. {Lu} and H. {Kim} and S. {Mabu} and Y. {Hirano} and S. {Kido}}, 
    booktitle={Proc. ICCAS}, 
    title={Automatic Classification of Large-Scale Respiratory Sound Dataset Based on Convolutional Neural Network}, 
    pages={804-807},
    year={2019} 
}

@article{ic_baseline,
  title={An open access database for the evaluation of respiratory sound classification algorithms},
  author={Rocha, B. M. and Filos, D. and Mendes, L. and Serbes, G. and Ulukaya, S. and Kahya, Y. P. and Jakovljevic, N. and Turukalo, T. L. and Vogiatzis, I. M. and Perantoni, E. and others},
  journal={Physiological measurement},
  volume={40},
  number={3},
  pages={035001},
  year={2019},
  publisher={IOP Publishing}
}

@incollection{ic_hmm_18_sp,
  title={Hidden markov model based respiratory sound classification},
  author={Jakovljevi{\'c}, N. and Lon{\v{c}}ar-Turukalo, T.},
  booktitle={Precision Medicine Powered by pHealth and Connected Health},
  pages={39--43},
  year={2018},
  publisher={Springer}
}
@incollection{ic_svm_18_sp,
  title={An automated lung sound preprocessing and classification system based on spectral analysis methods},
  author={Serbes, G. and Ulukaya, S. and Kahya, Y. P.},
  booktitle={Precision Medicine Powered by pHealth and Connected Health},
  pages={45--49},
  year={2018},
  publisher={Springer}
}

@article{pham2020cnnmoe,
  title={CNN-MoE based framework for classification of respiratory anomalies and lung disease detection},
  author={Pham, L. D. and Phan, H. and Palaniappan, R. and Mertins, A. and McLoughlin, I.},
  journal={IEEE Journal of Biomedical and Health Informatics},
  volume={25},
  number={8},
  pages={2938-2947},
  year={2021}
  }

@inproceedings{inception_01,
  title={Rethinking the inception architecture for computer vision},
  author={Szegedy, Christian and Vanhoucke, Vincent and Ioffe, Sergey and Shlens, Jon and Wojna, Zbigniew},
  booktitle={Proceedings of the IEEE conference on computer vision and pattern recognition},
  pages={2818--2826},
  year={2016}
}
@inproceedings{inception_02,
  title={Going deeper with convolutions},
  author={Szegedy, Christian and Liu, Wei and Jia, Yangqing and Sermanet, Pierre and Reed, Scott and Anguelov, Dragomir and Erhan, Dumitru and Vanhoucke, Vincent and Rabinovich, Andrew},
  booktitle={Proceedings of the IEEE conference on computer vision and pattern recognition},
  pages={1--9},
  year={2015}
}
@article{ic_cnn_20_ieee_bs,
  title={Deep Neural Network for Respiratory Sound Classification in Wearable Devices Enabled by Patient Specific Model Tuning.},
  author={Acharya, J and Basu, A},
  journal={IEEE transactions on biomedical circuits and systems},
  year={2020}
}
@manual{icb_ratio,
  author="ICBHI 2017 Challenge",
  note   = "\url {https://bhichallenge.med.auth.gr/sites/default/files/ICBHI_final_database/ICBHI_challenge_train_test.txt}"
}
  %title="{}",

@inproceedings{lam_11,
  title={Inception-Based Network and Multi-Spectrogram Ensemble Applied For Predicting Respiratory Anomalies and Lung Diseases},
  author={Pham, L. and Phan, H. and King, R. and Mertins, A. and McLoughlin, I.},
  booktitle={Proc. EMBC},
  pages={253--256},
  year={2021}
  }

@inproceedings{audioset,
title	= {Audio Set: An ontology and human-labeled dataset for audio events},
author	= {F. G. Jort et al.},
booktitle	= {Proc. ICASSP},
year	= {2017}
}
@ARTICLE{kong_pretrain,
  author={Q. {Kong} and Y. {Cao} and T. {Iqbal} and Y. {Wang} and W. {Wang} and M. D. {Plumbley}},
  journal={IEEE/ACM Transactions on Audio, Speech, and Language Processing},
  title={PANNs: Large-Scale Pretrained Audio Neural Networks for Audio Pattern Recognition},
  year={2020},
  volume={28},
  number={},
  pages={2880-2894}
}
@article{spec_aug,
  title={Specaugment: A simple data augmentation method for automatic speech recognition},
  author={Park, D. S. and Chan, W. and Zhang, Y. and Chiu, C. and Zoph, B. and Cubuk, E. D. and Le, Q. V.},
  journal={preprint arXiv:1904.08779},
  year={2019}
}

@inproceedings{microsoft2021,
  title={RespireNet: A Deep Neural Network for Accurately Detecting Abnormal Lung Sounds in Limited Data Setting},
  author={Gairola, S. and Tom, F. and Kwatra, N. and Jain, M.},
  booktitle={Proc. EMBC},
  pages={527--530},
  year={2021}
  }
  
@inproceedings{Ma2020,
  title={{LungRN+NL}: An Improved Adventitious Lung Sound Classification Using Non-Local Block ResNet Neural Network with Mixup Data Augmentation.},
  author={Ma, Y. and Xu, X. and Li, Y.},
  booktitle={Proc. INTERSPEECH},
  pages={2902--2906},
  year={2020}
}

@INPROCEEDINGS{ma2019,
  author={Ma, Y. and Xu, X. and Yu, Q. and Zhang, Y. and Li, Y. and Zhao, J. and Wang, G.},
  booktitle={Proc. BioCAS}, 
  title={LungBRN: A Smart Digital Stethoscope for Detecting Respiratory Disease Using bi-ResNet Deep Learning Algorithm}, 
  year={2019},
  pages={1-4}
}


@INPROCEEDINGS{t2021,
  author={Faustino, P. and Oliveira, J. and Coimbra, M.},
  booktitle={Proc. EMBC}, 
  title={Crackle and wheeze detection in lung sound signals using convolutional neural networks}, 
  year={2021},
  pages={345-348}
}
@INPROCEEDINGS{dat_01,
  author={Ngo, D. and Pham, L. and Nguyen, A. and Phan, B. and Tran, K. and Nguyen, T.},
  booktitle={Proc. ISEE}, 
  title={Deep Learning Framework Applied For Predicting Anomaly of Respiratory Sounds}, 
  year={2021},
  pages={42-47}
}


@ARTICLE{spec_crop,
  author={Takahashi, Ryo and Matsubara, Takashi and Uehara, Kuniaki},
  journal={IEEE Transactions on Circuits and Systems for Video Technology}, 
  title={Data Augmentation Using Random Image Cropping and Patching for Deep CNNs}, 
  year={2020},
  volume={30},
  number={9},
  pages={2917-2931}
  }
  
 @InProceedings{cbam_att,
author = {Woo, Sanghyun and Park, Jongchan and Lee, Joon-Young and Kweon, In So},
title = {CBAM: Convolutional Block Attention Module},
booktitle = {Proceedings of the European Conference on Computer Vision (ECCV)},
month = {September},
year = {2018}
}

@inproceedings{multihead_att,
 author = {Vaswani, Ashish and Shazeer, Noam and Parmar, Niki and Uszkoreit, Jakob and Jones, Llion and Gomez, Aidan N and Kaiser, \L ukasz and Polosukhin, Illia},
 booktitle = {Advances in Neural Information Processing Systems},
 title = {Attention is All you Need},
 year = {2017}
}

@article{rotation_aug,
  title={A survey on image data augmentation for deep learning},
  author={Shorten, Connor and Khoshgoftaar, Taghi M},
  journal={Journal of big data},
  volume={6},
  number={1},
  pages={1--48},
  year={2019}
  }


  @article{sota_01,
  title={Multi-granularity canonical appearance pooling for remote sensing scene classification},
  author={Wang, Shidong and Guan, Yu and Shao, Ling},
  journal={IEEE Transactions on Image Processing},
  volume={29},
  pages={5396--5407},
  year={2020}
  }
   

@article{sota_02,
  title={When deep learning meets metric learning: Remote sensing image scene classification via learning discriminative CNNs},
  author={Cheng, Gong and Yang, Ceyuan and Yao, Xiwen and Guo, Lei and Han, Junwei},
  journal={IEEE transactions on geoscience and remote sensing},
  volume={56},
  number={5},
  pages={2811--2821},
  year={2018}
  }
  
@ARTICLE{sota_03,
  author={Bi, Qi and Qin, Kun and Zhang, Han and Xie, Jiafen and Li, Zhili and Xu, Kai},
  journal={IEEE Geoscience and Remote Sensing Letters}, 
  title={APDC-Net: Attention Pooling-Based Convolutional Network for Aerial Scene Classification}, 
  year={2020},
  volume={17},
  number={9},
  pages={1603-1607}
}  
  
  @article{sota_04,
  title={A new image recognition and classification method combining transfer learning algorithm and mobilenet model for welding defects},
  author={Pan, Haihong and Pang, Zaijun and Wang, Yaowei and Wang, Yijue and Chen, Lin},
  journal={IEEE Access},
  volume={8},
  pages={119951--119960},
  year={2020}
  }
  
  @article{sota_05,
  title={Simple yet effective fine-tuning of deep CNNs using an auxiliary classification loss for remote sensing scene classification},
  author={Bazi, Yakoub and Al Rahhal, Mohamad M and Alhichri, Haikel and Alajlan, Naif},
  journal={Remote Sensing},
  volume={11},
  number={24},
  pages={2908},
  year={2019}
  }
  
  @inproceedings{sota_06,
  title={Efficientnet: Rethinking model scaling for convolutional neural networks},
  author={Tan, Mingxing and Le, Quoc},
  booktitle={International conference on machine learning},
  pages={6105--6114},
  year={2019},
  organization={PMLR}
}
  
  @article{sota_07,
  title={C-CNN: Contourlet convolutional neural networks},
  author={Liu, Mengkun and Jiao, Licheng and Liu, Xu and Li, Lingling and Liu, Fang and Yang, Shuyuan},
  journal={IEEE Transactions on Neural Networks and Learning Systems},
  volume={32},
  number={6},
  pages={2636--2649},
  year={2020}
  }
  
  @article{sota_08,
  title={Automatic detection and monitoring of diabetic retinopathy using efficient convolutional neural networks and contrast limited adaptive histogram equalization},
  author={Pour, Asra Momeni and Seyedarabi, Hadi and Jahromi, Seyed Hassan Abbasi and Javadzadeh, Alireza},
  journal={IEEE Access},
  volume={8},
  pages={136668--136673},
  year={2020}
  }

@inproceedings{sota_09,
  title={Aggregated residual transformations for deep neural networks},
  author={Xie, Saining and Girshick, Ross and Doll{\'a}r, Piotr and Tu, Zhuowen and He, Kaiming},
  booktitle={Proceedings of the IEEE conference on computer vision and pattern recognition},
  pages={1492--1500},
  year={2017}
}

@article{sota_10,
  title={A lightweight and discriminative model for remote sensing scene classification with multidilation pooling module},
  author={Zhang, Bin and Zhang, Yongjun and Wang, Shugen},
  journal={IEEE Journal of Selected Topics in Applied Earth Observations and Remote Sensing},
  volume={12},
  number={8},
  pages={2636--2653},
  year={2019}
  }
  
  @article{sota_11,
  title={When self-supervised learning meets scene classification: Remote sensing scene classification based on a multitask learning framework},
  author={Zhao, Zhicheng and Luo, Ze and Li, Jian and Chen, Can and Piao, Yingchao},
  journal={Remote Sensing},
  volume={12},
  number={20},
  pages={3276},
  year={2020}
  }
  
  @article{sota_12,
  title={A lightweight and robust lie group-convolutional neural networks joint representation for remote sensing scene classification},
  author={Xu, Chengjun and Zhu, Guobin and Shu, Jingqian},
  journal={IEEE Transactions on Geoscience and Remote Sensing},
  volume={60},
  pages={1--15},
  year={2021}}

@article{sota_13,
  title={TRS: Transformers for Remote Sensing Scene Classification},
  author={Zhang, Jianrong and Zhao, Hongwei and Li, Jiao},
  journal={Remote Sensing},
  volume={13},
  number={20},
  pages={4143},
  year={2021}}
  
  @inproceedings{early_rsic,
  title={Bag-of-visual-words and spatial extensions for land-use classification},
  author={Yang, Yi and Newsam, Shawn},
  booktitle={18th SIGSPATIAL international conference on advances in geographic information systems},
  pages={270--279},
  year={2010}
}
@INPROCEEDINGS{old_01,
  author={Yang, Yi and Newsam, Shawn},
  booktitle={15th IEEE International Conference on Image Processing}, 
  title={Comparing SIFT descriptors and gabor texture features for classification of remote sensed imagery}, 
  year={2008},
  pages={1852-1855}  
}

 @article{old_02,
  title={Integrated visual vocabulary in latent Dirichlet allocation--based scene classification for IKONOS image},
  author={Kusumaningrum, Retno and Wei, Hong and Manurung, Ruli and Murni, Aniati},
  journal={Journal of Applied Remote Sensing},
  volume={8},
  number={1},
  pages={083690},
  year={2014}
}

@article{aid_dataset,
  title={AID: A benchmark data set for performance evaluation of aerial scene classification},
  author={Xia, Gui-Song and Hu, Jingwen and Hu, Fan and Shi, Baoguang and Bai, Xiang and Zhong, Yanfei and Zhang, Liangpei and Lu, Xiaoqiang},
  journal={IEEE Transactions on Geoscience and Remote Sensing},
  volume={55},
  number={7},
  pages={3965--3981},
  year={2017}
}

@ARTICLE{vgg_finetune,
  author={Cheng, Gong and Han, Junwei and Lu, Xiaoqiang},
  journal={Proceedings of the IEEE}, 
  title={Remote Sensing Image Scene Classification: Benchmark and State of the Art}, 
  year={2017},
  volume={105},
  number={10},
  pages={1865-1883}
}

@InProceedings{whu_rs19_dataset,
title={Structural high-resolution satellite image indexing},
author={Gui-Song Xia and Wen Yang and Julie Delon and Yann Gousseau and Hong Sun and Henri MaÎtre},
booktitle={100 Years ISPRS - Advancing Remote Sensing Science},
year={2010}
}

@ARTICLE{nwpu_dataset,
  author={Cheng, Gong and Han, Junwei and Lu, Xiaoqiang},
  journal={Proceedings of the IEEE}, 
  title={Remote Sensing Image Scene Classification: Benchmark and State of the Art}, 
  year={2017},
  volume={105},
  number={10},
  pages={1865-1883}
    }
  
@INPROCEEDINGS{imagenet_dataset,
  author={Deng, Jia and Dong, Wei and Socher, Richard and Li, Li-Jia and Kai Li and Li Fei-Fei},
  booktitle={IEEE Conference on Computer Vision and Pattern Recognition}, 
  title={ImageNet: A large-scale hierarchical image database}, 
  year={2009},
  pages={248-255}
}

@article{hydra_ens,
  title={Hydra: An ensemble of convolutional neural networks for geospatial land classification},
  author={Minetto, Rodrigo and Segundo, Maur{\'\i}cio Pamplona and Sarkar, Sudeep},
  journal={IEEE Transactions on Geoscience and Remote Sensing},
  volume={57},
  number={9},
  pages={6530--6541},
  year={2019}
  }
  
 @inproceedings{effnet,
  title={Efficientnet: Rethinking model scaling for convolutional neural networks},
  author={Tan, Mingxing and Le, Quoc},
  booktitle={International conference on machine learning},
  pages={6105--6114},
  year={2019}
} 
  
@article{pham2021audio,
  title={An Audio-Visual Dataset and Deep Learning Frameworks for Crowded Scene Classification},
  author={Pham, Lam and Ngo, Dat and Nguyen, Phu X. and Hoang, Truong and Schindler, Alexander },
  journal={arXiv preprint arXiv:2112.09172},
  year={2021}
}  
  
@incollection{pham2022deep,
  title={Deep learning frameworks applied for audio-visual scene classification},
  author={Pham, Lam and Schindler, Alexander and Schutz, Mina and Lampert, Jasmin and Schlarb, Sven and King, Ross},
  booktitle={Data Science--Analytics and Applications},
  pages={39--44},
  year={2022}
}  


 
 @article{survey_transfer,
  title={A survey of transfer learning},
  author={Weiss, Karl and Khoshgoftaar, Taghi M and Wang, DingDing},
  journal={Journal of Big data},
  volume={3},
  number={1},
  pages={1--40},
  year={2016},
  publisher={SpringerOpen}
}

@article{survey_transfer_02,
  title={A comprehensive survey on transfer learning},
  author={Zhuang, Fuzhen and Qi, Zhiyuan and Duan, Keyu and Xi, Dongbo and Zhu, Yongchun and Zhu, Hengshu and Xiong, Hui and He, Qing},
  journal={Proceedings of the IEEE},
  volume={109},
  number={1},
  pages={43--76},
  year={2020},
  publisher={IEEE}
}


% Journals

% First the Full Name is given, then the abbreviation used in the AMS Math
% Reviews, with an indication if it could not be found there.
% Note the 2nd overwrites the 1st, so swap them if you want the full name.

 %{AMS}
 @String{AMSTrans = "American Mathematical Society Translations" }
 @String{AMSTrans = "Amer. Math. Soc. Transl." }
 @String{BullAMS = "Bulletin of the American Mathematical Society" }
 @String{BullAMS = "Bull. Amer. Math. Soc." }
 @String{ProcAMS = "Proceedings of the American Mathematical Society" }
 @String{ProcAMS = "Proc. Amer. Math. Soc." }
 @String{TransAMS = "Transactions of the American Mathematical Society" }
 @String{TransAMS = "Trans. Amer. Math. Soc." }

 %ACM
 @String{CACM = "Communications of the {ACM}" }
 @String{CACM = "Commun. {ACM}" }
 @String{CompServ = "Comput. Surveys" }
 @String{JACM = "J. ACM" }
 @String{ACMMathSoft = "{ACM} Transactions on Mathematical Software" }
 @String{ACMMathSoft = "{ACM} Trans. Math. Software" }
 @String{SIGNUM = "{ACM} {SIGNUM} Newsletter" }
 @String{SIGNUM = "{ACM} {SIGNUM} Newslett." }

 @String{AmerSocio = "American Journal of Sociology" }
 @String{AmerStatAssoc = "Journal of the American Statistical Association" }
 @String{AmerStatAssoc = "J. Amer. Statist. Assoc." }
 @String{ApplMathComp = "Applied Mathematics and Computation" }
 @String{ApplMathComp = "Appl. Math. Comput." }
 @String{AmerMathMonthly = "American Mathematical Monthly" }
 @String{AmerMathMonthly = "Amer. Math. Monthly" }
 @String{BIT = "{BIT}" }
 @String{BritStatPsych = "British Journal of Mathematical and Statistical
          Psychology" }
 @String{BritStatPsych = "Brit. J. Math. Statist. Psych." }
 @String{CanMathBull = "Canadian Mathematical Bulletin" }
 @String{CanMathBull = "Canad. Math. Bull." }
 @String{CompApplMath = "Journal of Computational and Applied Mathematics" }
 @String{CompApplMath = "J. Comput. Appl. Math." }
 @String{CompPhys = "Journal of Computational Physics" }
 @String{CompPhys = "J. Comput. Phys." }
 @String{CompStruct = "Computers and Structures" }
 @String{CompStruct = "Comput. \& Structures" }
 @String{CompJour = "The Computer Journal" }
 @String{CompJour = "Comput. J." }
 @String{CompSysSci = "Journal of Computer and System Sciences" }
 @String{CompSysSci = "J. Comput. System Sci." }
 @String{Computing = "Computing" }
 @String{ContempMath = "Contemporary Mathematics" }
 @String{ContempMath = "Contemp. Math." }
 @String{Crelle = "Crelle's Journal" }
 @String{GiornaleMath = "Giornale di Mathematiche" }
 @String{GiornaleMath = "Giorn. Mat." } % didn't find in AMS MR., ibid.

 %IEEE
 @String{Computer = "{IEEE} Computer" }
 @String{IEEETransComp = "{IEEE} Transactions on Computers" }
 @String{IEEETransComp = "{IEEE} Trans. Comput." }
 @String{IEEETransAC = "{IEEE} Transactions on Automatic Control" }
 @String{IEEETransAC = "{IEEE} Trans. Automat. Control" }
 @String{IEEESpec = "{IEEE} Spectrum" } % didn't find in AMS MR
 @String{ProcIEEE = "Proceedings of the {IEEE}" }
 @String{ProcIEEE = "Proc. {IEEE}" } % didn't find in AMS MR
 @String{IEEETransAeroElec = "{IEEE} Transactions on Aerospace and Electronic
     Systems" }
 @String{IEEETransAeroElec = "{IEEE} Trans. Aerospace Electron. Systems" }

 @String{IMANumerAna = "{IMA} Journal of Numerical Analysis" }
 @String{IMANumerAna = "{IMA} J. Numer. Anal." }
 @String{InfProcLet = "Information Processing Letters" }
 @String{InfProcLet = "Inform. Process. Lett." }
 @String{InstMathApp = "Journal of the Institute of Mathematics and
     its Applications" }
 @String{InstMathApp = "J. Inst. Math. Appl." }
 @String{IntControl = "International Journal of Control" }
 @String{IntControl = "Internat. J. Control" }
 @String{IntNumerEng = "International Journal for Numerical Methods in
     Engineering" }
 @String{IntNumerEng = "Internat. J. Numer. Methods Engrg." }
 @String{IntSuper = "International Journal of Supercomputing Applications" }
 @String{IntSuper = "Internat. J. Supercomputing Applic." } % didn't find
%% in AMS MR
 @String{Kibernetika = "Kibernetika" }
 @String{JResNatBurStand = "Journal of Research of the National Bureau
     of Standards" }
 @String{JResNatBurStand = "J. Res. Nat. Bur. Standards" }
 @String{LinAlgApp = "Linear Algebra and its Applications" }
 @String{LinAlgApp = "Linear Algebra Appl." }
 @String{MathAnaAppl = "Journal of Mathematical Analysis and Applications" }
 @String{MathAnaAppl = "J. Math. Anal. Appl." }
 @String{MathAnnalen = "Mathematische Annalen" }
 @String{MathAnnalen = "Math. Ann." }
 @String{MathPhys = "Journal of Mathematical Physics" }
 @String{MathPhys = "J. Math. Phys." }
 @String{MathComp = "Mathematics of Computation" }
 @String{MathComp = "Math. Comp." }
 @String{MathScand = "Mathematica Scandinavica" }
 @String{MathScand = "Math. Scand." }
 @String{TablesAidsComp = "Mathematical Tables and Other Aids to Computation" }
 @String{TablesAidsComp = "Math. Tables Aids Comput." }
 @String{NumerMath = "Numerische Mathematik" }
 @String{NumerMath = "Numer. Math." }
 @String{PacificMath = "Pacific Journal of Mathematics" }
 @String{PacificMath = "Pacific J. Math." }
 @String{ParDistComp = "Journal of Parallel and Distributed Computing" }
 @String{ParDistComp = "J. Parallel and Distrib. Comput." } % didn't find
%% in AMS MR
 @String{ParComputing = "Parallel Computing" }
 @String{ParComputing = "Parallel Comput." }
 @String{PhilMag = "Philosophical Magazine" }
 @String{PhilMag = "Philos. Mag." }
 @String{ProcNAS = "Proceedings of the National Academy of Sciences
                    of the USA" }
 @String{ProcNAS = "Proc. Nat. Acad. Sci. U. S. A." }
 @String{Psychometrika = "Psychometrika" }
 @String{QuartMath = "Quarterly Journal of Mathematics, Oxford, Series (2)" }
 @String{QuartMath = "Quart. J. Math. Oxford Ser. (2)" }
 @String{QuartApplMath = "Quarterly of Applied Mathematics" }
 @String{QuartApplMath = "Quart. Appl. Math." }
 @String{RevueInstStat = "Review of the International Statisical Institute" }
 @String{RevueInstStat = "Rev. Inst. Internat. Statist." }

 %SIAM
 @String{JSIAM = "Journal of the Society for Industrial and Applied
     Mathematics" }
 @String{JSIAM = "J. Soc. Indust. Appl. Math." }
 @String{JSIAMB = "Journal of the Society for Industrial and Applied
     Mathematics, Series B, Numerical Analysis" }
 @String{JSIAMB = "J. Soc. Indust. Appl. Math. Ser. B Numer. Anal." }
 @String{SIAMAlgMeth = "{SIAM} Journal on Algebraic and Discrete Methods" }
 @String{SIAMAlgMeth = "{SIAM} J. Algebraic Discrete Methods" }
 @String{SIAMAppMath = "{SIAM} Journal on Applied Mathematics" }
 @String{SIAMAppMath = "{SIAM} J. Appl. Math." }
 @String{SIAMComp = "{SIAM} Journal on Computing" }
 @String{SIAMComp = "{SIAM} J. Comput." }
 @String{SIAMMatrix = "{SIAM} Journal on Matrix Analysis and Applications" }
 @String{SIAMMatrix = "{SIAM} J. Matrix Anal. Appl." }
 @String{SIAMNumAnal = "{SIAM} Journal on Numerical Analysis" }
 @String{SIAMNumAnal = "{SIAM} J. Numer. Anal." }
 @String{SIAMReview = "{SIAM} Review" }
 @String{SIAMReview = "{SIAM} Rev." }
 @String{SIAMSciStat = "{SIAM} Journal on Scientific and Statistical
     Computing" }
 @String{SIAMSciStat = "{SIAM} J. Sci. Statist. Comput." }

 @String{SoftPracExp = "Software Practice and Experience" }
 @String{SoftPracExp = "Software Prac. Experience" } % didn't find in AMS MR
 @String{StatScience = "Statistical Science" }
 @String{StatScience = "Statist. Sci." }
 @String{Techno = "Technometrics" }
 @String{USSRCompMathPhys = "{USSR} Computational Mathematics and Mathematical
     Physics" }
 @String{USSRCompMathPhys = "{U. S. S. R.} Comput. Math. and Math. Phys." }
 @String{VLSICompSys = "Journal of {VLSI} and Computer Systems" }
 @String{VLSICompSys = "J. {VLSI} Comput. Syst." }
 @String{ZAngewMathMech = "Zeitschrift fur Angewandte Mathematik und
     Mechanik" }
 @String{ZAngewMathMech = "Z. Angew. Math. Mech." }
 @String{ZAngewMathPhys = "Zeitschrift fur Angewandte Mathematik und Physik" }
 @String{ZAngewMathPhys = "Z. Angew. Math. Phys." }

% Publishers % ================================================= |

 @String{Academic = "Academic Press" }
 @String{ACMPress = "{ACM} Press" }
 @String{AdamHilger = "Adam Hilger" }
 @String{AddisonWesley = "Addison-Wesley" }
 @String{AllynBacon = "Allyn and Bacon" }
 @String{AMS = "American Mathematical Society" }
 @String{Birkhauser = "Birkha{\"u}ser" }
 @String{CambridgePress = "Cambridge University Press" }
 @String{Chelsea = "Chelsea" }
 @String{ClaredonPress = "Claredon Press" }
 @String{DoverPub = "Dover Publications" }
 @String{Eyolles = "Eyolles" }
 @String{HoltRinehartWinston = "Holt, Rinehart and Winston" }
 @String{Interscience = "Interscience" }
 @String{JohnsHopkinsPress = "The Johns Hopkins University Press" }
 @String{JohnWileySons = "John Wiley and Sons" }
 @String{Macmillan = "Macmillan" }
 @String{MathWorks = "The Math Works Inc." }
 @String{McGrawHill = "McGraw-Hill" }
 @String{NatBurStd = "National Bureau of Standards" }
 @String{NorthHolland = "North-Holland" }
 @String{OxfordPress = "Oxford University Press" }  %address Oxford or London?
 @String{PergamonPress = "Pergamon Press" }
 @String{PlenumPress = "Plenum Press" }
 @String{PrenticeHall = "Prentice-Hall" }
 @String{SIAMPub = "{SIAM} Publications" }
 @String{Springer = "Springer-Verlag" }
 @String{TexasPress = "University of Texas Press" }
 @String{VanNostrand = "Van Nostrand" }
 @String{WHFreeman = "W. H. Freeman and Co." }

%Entries

@Article{Abril07,
  author        = "Patricia S. Abril and Robert Plant",
  title         = "The patent holder's dilemma: Buy, sell, or troll?",
  journal       = "Communications of the ACM",
  volume        = "50",
  number        = "1",
  month         = jan,
  year          = "2007",
  pages         = "36--44"
}

@Article{Cohen07,
  author        = "Sarah Cohen and Werner Nutt and Yehoshua Sagic",
  title         = "Deciding equivalances among conjunctive aggregate queries",
  journal       = JACM,
  articleno     = 5,
  numpages      = 50,
  volume        = 54,
  number        = 2,
  month         = apr,
  year          = 2007,
  doi           = "10.1145/1219092.1219093",
  url           = "http://doi.acm.org/10.1145/1219092.1219093",
  acmid         = 1219093,
}


@periodical{JCohen96,
  key =          "Cohen",
  editor =       "Jacques Cohen",
  title =        "Special issue: Digital Libraries",
  journal =      CACM,
  volume =       "39",
  number =       "11",
  month =        nov,
  year =         "1996",
}


@Book{Kosiur01,
  author =       "David Kosiur",
  title =        "Understanding Policy-Based Networking",
  publisher =    "Wiley",
  year =         "2001",
  address =      "New York, NY",
  edition =      "2nd.",
  editor =       "",
  volume =       "",
  number =       "",
  series =       "",
  month =        "",
  note =         "",
}


@Book{Harel79,
  author =       "David Harel",
  year =         "1979",
  title =        "First-Order Dynamic Logic",
  series =       "Lecture Notes in Computer Science",
  volume =       "68",
  address =      "New York, NY",
  publisher =    "Springer-Verlag",
  doi =          "10.1007/3-540-09237-4",
  url =          "http://dx.doi.org/10.1007/3-540-09237-4",
  editor =       "",
  number =       "",
  month =        "",
  note =         "",
}


@Inbook{Editor00,
  author =       "",
  editor =       "Ian Editor",
  title =        "The title of book one",
  subtitle =     "The book subtitle",
  series =       "The name of the series one",
  year =         "2007",
  volume =       "9",
  address =      "Chicago",
  edition =      "1st.",
  publisher =    "University of Chicago Press",
  doi =          "10.1007/3-540-09237-4",
  url =          "http://dx.doi.org/10.1007/3-540-09456-9",
  chapter =      "",
  pages =        "",
  number =       "",
  type =         "",
  month =        "",
  note =         "",
}

%
@InBook{Editor00a,
  author =       "",
  editor =       "Ian Editor",
  title =        "The title of book two",
  subtitle =     "The book subtitle",
  series =       "The name of the series two",
  year =         "2008",
  address =      "Chicago",
  edition =      "2nd.",
  publisher =    "University of Chicago Press",
  doi =          "10.1007/3-540-09237-4",
  url =          "http://dx.doi.org/10.1007/3-540-09456-9",
  volume =       "",
  chapter =      "100",
  pages =        "",
  number =       "",
  type =         "",
  month =        "",
  note =         "",
}


% incollection (has an editor, title, and possibly a booktitle)
@Incollection{Spector90,
  author =       "Asad Z. Spector",
  title =        "Achieving application requirements",
  booktitle =    "Distributed Systems",
  publisher =    "ACM Press",
  address =      "New York, NY",
  year =         "1990",
  edition =      "2nd.",
  chapter =      "",
  editor =       "Sape Mullender",
  pages =        "19--33",
  doi =          "10.1145/90417.90738",
  url =          "http://doi.acm.org/10.1145/90417.90738",
  volume =       "",
  number =       "",
  series =       "",
  type =         "",
  month =        "",
  note =         "",
}


% incollection (has an editor, title, and possibly a booktitle)
@Incollection{Douglass98,
  author =       "Bruce P. Douglass and David Harel and Mark B. Trakhtenbrot",
  title =        "Statecarts in use: structured analysis and object-orientation",
  series =       "Lecture Notes in Computer Science",
  booktitle =    "Lectures on Embedded Systems",
  publisher =    "Springer-Verlag",
  address =      "London",
  volume =       "1494",
  year =         "1998",
  chapter =      "",
  editor =       "Grzegorz Rozenberg and Frits W. Vaandrager",
  pages =        "368--394",
  doi =          "10.1007/3-540-65193-4_29",
  url =          "http://dx.doi.org/10.1007/3-540-65193-4_29",
  edition =      "",
  number =       "",
  type =         "",
  month =        "",
  note =         "",
}


@Book{Knuth97,
  author =       "Donald E. Knuth",
  title =        "The Art of Computer Programming, Vol. 1: Fundamental Algorithms (3rd. ed.)",
  publisher =    "Addison Wesley Longman Publishing Co., Inc.",
  year =         "1997",
  address =      "",
  edition =      "",
  editor =       "",
  volume =       "",
  number =       "",
  series =       "",
  month =        "",
  note =         "",
}


@Book{Knuth98,
  author =       "Donald E. Knuth",
  year =         "1998",
  title =        "The Art of Computer Programming",
  series =       "Fundamental Algorithms",
  volume =       "1",
  edition =      "3rd",
  address =      "",
  publisher =    "Addison Wesley Longman Publishing Co., Inc.",
  doi =          "",
  url =          "",
  editor =       "",
  number =       "",
  month =        "",
  note =         "(book)",
}

%Inbook{Knuth97,
%  author =       "Donald E. Knuth",
%  title =        "The Art of Computer Programming",
%  booktitle =    "the booktitle",
%  edition =      "3",
%  volume =       "1",
%  year =         "1997",
%  publisher =    "Addison Wesley Longman Publishing Co., Inc.",
%  editor =       "",
%  number =       "",
%  series =       "Fundamental Algorithms",
%  type =         "",
%  chapter =      "",
%  pages =        "",
%  address =      "",
%  month =        "",
%  note =         "(inbook)",
%}

%INBOOK{DK:73-inbook-full,
%   author = "Donald E. Knuth",
%   title = "Fundamental Algorithms (inbook w series)",
%   volume = 1,
%   series = "The Art of Computer Programming",
%   publisher = "Addison-Wesley",
%   address = "Reading, Massachusetts",
%   edition = "Second",
%   month = "10~" # jan,
%   year = "1973",
%   type = "Section",
%   chapter = "1.2",
%   pages = "10--119",
%   note = "Full INBOOK entry (w series)",
%}

%INcollection{DK:74-incoll,
%   author = "Donald E. Knuth",
%   title = "Fundamental Algorithms (incoll)",
%   volume = 1,
%   booktitle = "The Art of Computer Programming",
%   publisher = "Addison-Wesley",
%   address = "Reading, Massachusetts",
%   month = "10~" # jan,
%   year = "1974",
%   pages = "10--119",
%   editor = "Bernard Rous",
%   note = "This is a full incoll entry with an editor",
%}

%INcollection{DK:75-incollws,
%   author = "Donald E. Knuth",
%   title = "Fundamental Algorithms (incoll w series)",
%   volume = 1,
%   booktitle = "The Art of Computer Programming",
%   series = "The Art of Computer Programming",
%   publisher = "Addison-Wesley",
%   address = "Reading, Massachusetts",
%   month = "10~" # jan,
%   year = "1975",
%   pages = "10--119",
%   editor = "Bernard Rous",
%   note = "This is a full incoll entry with an editor and series",
%}


@incollection{GM05,
Author= "Dan Geiger and Christopher Meek",
Title= "Structured Variational Inference Procedures and their Realizations (as incol)",
Year= 2005,
Booktitle="Proceedings of Tenth International Workshop on Artificial Intelligence and Statistics, {\rm The Barbados}",
Publisher="The Society for Artificial Intelligence and Statistics",
Month= jan,
Editors= "Z. Ghahramani and R. Cowell"
}

@Inproceedings{Smith10,
  author =       "Stan W. Smith",
  title =        "An experiment in bibliographic mark-up: Parsing metadata for XML export",
  booktitle =    "Proceedings of the 3rd. annual workshop on Librarians and Computers",
  series =       "LAC '10",
  editor =       "Reginald N. Smythe and Alexander Noble",
  volume =       "3",
  year =         "2010",
  publisher =    "Paparazzi Press",
  address =      "Milan Italy",
  pages =        "422--431",
  doi =          "99.9999/woot07-S422",
  url =          "http://dx.doi.org/99.0000/woot07-S422",
  number =       "",
  month =        "",
  organization = "",
  note =         "",
}

@Inproceedings{VanGundy07,
  author =       "Matthew Van Gundy and Davide Balzarotti and Giovanni Vigna",
  year =         2007,
  title =        "Catch me, if you can: Evading network signatures with web-based polymorphic worms",
  booktitle =    "Proceedings of the first USENIX workshop on Offensive Technologies",
  series =       "WOOT '07",
  publisher =    "USENIX Association",
  address =      "Berkley, CA",
  articleno =    {Paper 7},
  numpages =     9,
}

@Inproceedings{VanGundy08,
  author =       "Matthew Van Gundy and Davide Balzarotti and Giovanni Vigna",
  year =         2008,
  title =        "Catch me, if you can: Evading network signatures with web-based polymorphic worms",
  booktitle =    "Proceedings of the first USENIX workshop on Offensive Technologies",
  series =       "WOOT '08",
  publisher =    "USENIX Association",
  address =      "Berkley, CA",
  articleno =    7,
  numpages =     2,
  pages =        "99-100",
}

@Inproceedings{VanGundy09,
  author =       "Matthew Van Gundy and Davide Balzarotti and Giovanni Vigna",
  year =         2009,
  title =        "Catch me, if you can: Evading network signatures with web-based polymorphic worms",
  booktitle =    "Proceedings of the first USENIX workshop on Offensive Technologies",
  series =       "WOOT '09",
  publisher =    "USENIX Association",
  address =      "Berkley, CA",
  pages =        "90--100",
}

@Inproceedings{Andler79,
  author =       "Sten Andler",
  title =        "Predicate Path expressions",
  booktitle =    "Proceedings of the 6th. ACM SIGACT-SIGPLAN symposium on Principles of Programming Languages",
  series =       "POPL '79",
  year =         "1979",
  publisher =    "ACM Press",
  address =      "New York, NY",
  pages =        "226--236",
  doi =          "10.1145/567752.567774",
  url =          "http://doi.acm.org/10.1145/567752.567774",
  editor =       "",
  volume =       "",
  number =       "",
  month =        "",
  organization = "",
  note =         "",
}

@Techreport{Harel78,
  author =       "David Harel",
  year =         "1978",
  title =        "LOGICS of Programs: AXIOMATICS and DESCRIPTIVE POWER",
  institution =  "Massachusetts Institute of Technology",
  type =         "MIT Research Lab Technical Report",
  number =       "TR-200",
  address =      "Cambridge, MA",
  month =        "",
  note =         "",
}

@MASTERSTHESIS{anisi03,
author = {David A. Anisi},
title = {Optimal Motion Control of a Ground Vehicle},
school = {Royal Institute of Technology (KTH), Stockholm, Sweden},
intitution = {FOI-R-0961-SE, Swedish Defence Research Agency (FOI)},
year = {2003},
}


@Phdthesis{Clarkson85,
  author =       "Kenneth L. Clarkson",
  year =         "1985",
  title =        "Algorithms for Closest-Point Problems (Computational Geometry)",
  school =       "Stanford University",
  address =      "Palo Alto, CA",
  note =         "UMI Order Number: AAT 8506171",
  type =         "",
  month =        "",
}


@online{Thornburg01,
  author =       "Harry Thornburg",
  year =         "2001",
  title =        "Introduction to Bayesian Statistics",
  url =          "http://ccrma.stanford.edu/~jos/bayes/bayes.html",
  month =        mar,
  lastaccessed = "March 2, 2005",
}


@online{Ablamowicz07,
  author =       "Rafal Ablamowicz and Bertfried Fauser",
  year =         "2007",
  title =        "CLIFFORD: a Maple 11 Package for Clifford Algebra Computations, version 11",
  url =          "http://math.tntech.edu/rafal/cliff11/index.html",
  lastaccessed = "February 28, 2008",
}


@misc{Poker06,
  author =       "Poker-Edge.Com",
  year =         "2006",
  month =        mar,
  title =        "Stats and Analysis",
  lastaccessed = "June 7, 2006",
  url =          "http://www.poker-edge.com/stats.php",
}

@misc{Obama08,
  author        = "Barack Obama",
  year          = "2008",
  title         = "A more perfect union",
  howpublished  = "Video",
  day           = "5",
  url           = "http://video.google.com/videoplay?docid=6528042696351994555",
  month         = mar,
  lastaccessed  = "March 21, 2008",
  note          =  "",
}

@misc{JoeScientist001,
  author =       "Joseph Scientist",
  year =         "2009",
  title =        "The fountain of youth",
  note =         "Patent No. 12345, Filed July 1st., 2008, Issued Aug. 9th., 2009",
  url =          "",
  howpublished = "",
  month =        aug,
  lastaccessed = "",
}


@Inproceedings{Novak03,
  author =       "Dave Novak",
  title =        "Solder man",
  booktitle =    "ACM SIGGRAPH 2003 Video Review on Animation theater Program: Part I - Vol. 145 (July 27--27, 2003)",
  year =         "2003",
  publisher =    "ACM Press",
  address =      "New York, NY",
  pages =        "4",
  month =        "March 21, 2008",
  doi =          "99.9999/woot07-S422",
  url =          "http://video.google.com/videoplay?docid=6528042696351994555",
  note =         "",
  howpublished = "Video",
  editor =       "",
  volume =       "",
  number =       "",
  series =       "",
  organization = "",
  distinctURL = 1
}


@article{Lee05,
  author =       "Newton Lee",
  year =         "2005",
  title =        "Interview with Bill Kinder: January 13, 2005",
  journal =      "Comput. Entertain.",
  eid =          "4",
  volume =       "3",
  number =       "1",
  month =        "Jan.-March",
  doi =          "10.1145/1057270.1057278",
  url =          "http://doi.acm.org/10.1145/1057270.1057278",
  howpublished = "Video",
  note =         "",
}

@article{rous08,
  author =       "Bernard Rous",
  year =         "2008",
  title =        "The Enabling of Digital Libraries",
  journal =      "Digital Libraries",
  volume =       "12",
  number =       "3",
  month =        jul,
  articleno =    "Article~5",
  doi =          "",
  url =          "",
  howpublished = "",
  note =         "To appear",
}

@article{384253,
 author = {Werneck,, Renato and Setubal,, Jo\~{a}o and da Conceic\~{a}o,, Arlindo},
 title = {(old) Finding minimum congestion spanning trees},
 journal = {J. Exp. Algorithmics},
 volume = {5},
 year = {2000},
 issn = {1084-6654},
 pages = {11},
 doi = {http://doi.acm.org/10.1145/351827.384253},
 publisher = {ACM},
 address = {New York, NY, USA},
 }


@article{Werneck:2000:FMC:351827.384253,
 author = {Werneck, Renato and Setubal, Jo\~{a}o and da Conceic\~{a}o, Arlindo},
 title = {(new) Finding minimum congestion spanning trees},
 journal = {J. Exp. Algorithmics},
 volume = 5,
 month = dec,
 year = 2000,
 issn = {1084-6654},
 articleno = 11,
 url = {http://portal.acm.org/citation.cfm?id=351827.384253},
 doi = {10.1145/351827.384253},
 acmid = 384253,
 publisher = {ACM},
 address = {New York, NY, USA},
}

@article{1555162,
 author = {Conti, Mauro and Di Pietro, Roberto and Mancini, Luigi V. and Mei, Alessandro},
 title = {(old) Distributed data source verification in wireless sensor networks},
 journal = {Inf. Fusion},
 volume = {10},
 number = {4},
 year = {2009},
 issn = {1566-2535},
 pages = {342--353},
 doi = {http://dx.doi.org/10.1016/j.inffus.2009.01.002},
 publisher = {Elsevier Science Publishers B. V.},
 address = {Amsterdam, The Netherlands, The Netherlands},
 }

@article{Conti:2009:DDS:1555009.1555162,
 author = {Conti, Mauro and Di Pietro, Roberto and Mancini, Luigi V. and Mei, Alessandro},
 title = {(new) Distributed data source verification in wireless sensor networks},
 journal = {Inf. Fusion},
 volume = {10},
 number = {4},
 month = oct,
 year = {2009},
 issn = {1566-2535},
 pages = {342--353},
 numpages = {12},
 url = {http://portal.acm.org/citation.cfm?id=1555009.1555162},
 doi = {10.1016/j.inffus.2009.01.002},
 acmid = {1555162},
 publisher = {Elsevier Science Publishers B. V.},
 address = {Amsterdam, The Netherlands, The Netherlands},
 keywords = {Clone detection, Distributed protocol, Securing data fusion, Wireless sensor networks},
}

@inproceedings{Li:2008:PUC:1358628.1358946,
 author = {Li, Cheng-Lun and Buyuktur, Ayse G. and Hutchful, David K. and Sant, Natasha B. and Nainwal, Satyendra K.},
 title = {Portalis: using competitive online interactions to support aid initiatives for the homeless},
 booktitle = {CHI '08 extended abstracts on Human factors in computing systems},
 year = {2008},
 isbn = {978-1-60558-012-X},
 location = {Florence, Italy},
 pages = {3873--3878},
 numpages = {6},
 url = {http://portal.acm.org/citation.cfm?id=1358628.1358946},
 doi = {10.1145/1358628.1358946},
 acmid = {1358946},
 publisher = {ACM},
 address = {New York, NY, USA},
 keywords = {cscw, distributed knowledge acquisition, incentive design, online games, recommender systems, reputation systems, user studies, virtual community},
}

@book{Hollis:1999:VBD:519964,
 author = {Hollis, Billy S.},
 title = {Visual Basic 6: Design, Specification, and Objects with Other},
 year = {1999},
 isbn = {0130850845},
 edition = {1st},
 publisher = {Prentice Hall PTR},
 address = {Upper Saddle River, NJ, USA},
 }


@book{Goossens:1999:LWC:553897,
 author = {Goossens, Michel and Rahtz, S. P. and Moore, Ross and Sutor, Robert S.},
 title = {The  Latex Web Companion: Integrating TEX, HTML, and XML},
 year = {1999},
 isbn = {0201433117},
 edition = {1st},
 publisher = {Addison-Wesley Longman Publishing Co., Inc.},
 address = {Boston, MA, USA},
 }

% need to test genres for errant isbn output

% techreport
@techreport{897367,
 author = {Buss, Jonathan F. and Rosenberg, Arnold L. and Knott, Judson D.},
 title = {Vertex Types in Book-Embeddings},
 year = {1987},
 source = {http://www.ncstrl.org:8900/ncstrl/servlet/search?formname=detail\&id=oai%3Ancstrlh%3Aumass_cs%3Ancstrl.umassa_cs%2F%2FUM-CS-1987-018},
 publisher = {University of Massachusetts},
 address = {Amherst, MA, USA},
 }

@techreport{Buss:1987:VTB:897367,
 author = {Buss, Jonathan F. and Rosenberg, Arnold L. and Knott, Judson D.},
 title = {Vertex Types in Book-Embeddings},
 year = {1987},
 source = {http://www.ncstrl.org:8900/ncstrl/servlet/search?formname=detail\&id=oai%3Ancstrlh%3Aumass_cs%3Ancstrl.umassa_cs%2F%2FUM-CS-1987-018},
 publisher = {University of Massachusetts},
 address = {Amherst, MA, USA},
 }

% whole proceedings

@proceedings{Czerwinski:2008:1358628,
 author = {},
 note = {General Chair-Czerwinski, Mary and General Chair-Lund, Arnie and Program Chair-Tan, Desney},
 title = {CHI '08: CHI '08 extended abstracts on Human factors in computing systems},
 year = {2008},
 isbn = {978-1-60558-012-X},
 location = {Florence, Italy},
 order_no = {608085},
 publisher = {ACM},
 address = {New York, NY, USA},
 }

% phdthesis

@phdthesis{Clarkson:1985:ACP:911891,
 author = {Clarkson, Kenneth Lee},
 advisor = {Yao, Andrew C.},
 title = {Algorithms for Closest-Point Problems (Computational Geometry)},
 year = {1985},
 note = {AAT 8506171},
 school = {Stanford University},
 address = {Stanford, CA, USA},
 }
% school is being picked up -- but not publisher (which is OK)
% Also -- the title is NOT being output in italics !!! Arrrrgh! - I fixed it. :-)


%%% compare with 'old'
%%% atsign-Phdthesis{Clarkson85,
%%%  author =       "Kenneth L. Clarkson",
%%%  year =         "1985",
%%%  title =        "Algorithms for Closest-Point Problems (Computational Geometry)",
%%%  school =       "Stanford University",
%%%  address =      "Palo Alto, CA",
%%%  note =         "UMI Order Number: AAT 8506171",
%%%  type =         "",
%%%  month =        "",
%%%}

% A bibliography
@Article{1984:1040142,
 key = {{$\!\!$}},
 journal = {SIGCOMM Comput. Commun. Rev.},
 year = {1984},
 issn = {0146-4833},
 volume = {13-14},
 number = {5-1},
 issue_date = {January/April 1984},
 publisher = {ACM},
 address = {New York, NY, USA},
 }


% grinder
@inproceedings{2004:ITE:1009386.1010128,
 key = {IEEE},
 title = {IEEE TCSC Executive Committee},
 booktitle = {Proceedings of the IEEE International Conference on Web Services},
 series = {ICWS '04},
 year = {2004},
 isbn = {0-7695-2167-3},
 pages = {21--22},
 url = {http://dx.doi.org/10.1109/ICWS.2004.64},
 doi = {http://dx.doi.org/10.1109/ICWS.2004.64},
 acmid = {1010128},
 publisher = {IEEE Computer Society},
 address = {Washington, DC, USA},
}

% div book
@book{Mullender:1993:DS:302430,
 editor = {Mullender, Sape},
 title = {Distributed systems (2nd Ed.)},
 year = {1993},
 isbn = {0-201-62427-3},
 publisher = {ACM Press/Addison-Wesley Publishing Co.},
 address = {New York, NY, USA},
 }

% master thesis (as techreport and thesis)

@techreport{Petrie:1986:NAD:899644,
 author = {Petrie, Charles J.},
 title = {New Algorithms for Dependency-Directed Backtracking (Master's thesis)},
 year = {1986},
 source = {http://www.ncstrl.org:8900/ncstrl/servlet/search?formname=detail\&id=oai%3Ancstrlh%3Autexas_cs%3AUTEXAS_CS%2F%2FAI86-33},
 publisher = {University of Texas at Austin},
 address = {Austin, TX, USA},
 }

@MASTERSTHESIS{Petrie:1986:NAD:12345,
 author = {Petrie, Charles J.},
 title = {New Algorithms for Dependency-Directed Backtracking (Master's thesis)},
 year = {1986},
 source = {http://www.ncstrl.org:8900/ncstrl/servlet/search?formname=detail\&id=oai%3Ancstrlh%3Autexas_cs%3AUTEXAS_CS%2F%2FAI86-33},
 school = {University of Texas at Austin},
 address = {Austin, TX, USA},
 }




@BOOK{book-minimal,
   author = "Donald E. Knuth",
   title = "Seminumerical Algorithms",
   publisher = "Addison-Wesley",
   year = "1981",
}

% incollection (has an editor, title, and possibly a booktitle)
@INcollection{KA:2001,
 author = {Kong, Wei-Chang},
 Title = {The implementation of electronic commerce in SMEs in Singapore (as Incoll)},
 booktitle = {E-commerce and cultural values},
 year = {2001},
 isbn = {1-59140-056-2},
 pages = {51--74},
 numpages = {24},
 url = {http://portal.acm.org/citation.cfm?id=887006.887010},
 acmid = {887010},
 publisher = {IGI Publishing},
 address = {Hershey, PA, USA},
}


% with bibfield 'type' before chapter (note no editor)
@INBOOK{KAGM:2001,
 author = {Kong, Wei-Chang},
 type = {Name of Chapter:},
 chapter = {The implementation of electronic commerce in SMEs in Singapore (Inbook-w-chap-w-type)},
 title = {E-commerce and cultural values},
 year = {2001},
 isbn = {1-59140-056-2},
 pages = {51--74},
 numpages = {24},
 url = {http://portal.acm.org/citation.cfm?id=887006.887010},
 acmid = {887010},
 publisher = {IGI Publishing},
 address = {Hershey, PA, USA},
}

%%% Notes! This is because the atsign-INBOOK citation type specifies EITHER
%%% editor or author, but not both. In my experiments with the harvard/dcu
%%% bibtex style (and presumably this applies to other styles too), bibtex
%%% ignores the editor information if author information exists in an
%%% atsign-INBOOK entry. atsign-INCOLLECTION is far more commonly used in my references,
%%% and in the absence of an editor I believe most bibtex styles will just
%%% ommit the editor from the reference - the chapter information will not
%%% end up in the in-text citation as you suggest it should be but at least
%%% there is a place to put the editor if necessary.



% was 'Inbook' -- changed to incollection - (editor is different to author) - need to tell Asad to codify as such.
@incollection{Kong:2002:IEC:887006.887010,
  author =      {Kong, Wei-Chang},
  editor =      {Theerasak Thanasankit},
  title =       {Chapter 9},
  booktitle =   {E-commerce and cultural values (Incoll-w-text (chap 9) 'title')},
  year =        {2002},
  address =     {Hershey, PA, USA},
  publisher =   {IGI Publishing},
  url =         {http://portal.acm.org/citation.cfm?id=887006.887010},
  pages =       {51--74},
  numpages =    {24},
  acmid =       {887010},
  isbn =        {1-59140-056-2},
  number =      "",
  type =        "",
  month =       "",
  note =        "",
}

% incol when the chapter is 'text' - due to presence of editor (different to author)
@incollection{Kong:2003:IEC:887006.887011,
 author = {Kong, Wei-Chang},
 title = {The implementation of electronic commerce in SMEs in Singapore (Incoll)},
 booktitle = {E-commerce and cultural values},
 editor = {Thanasankit, Theerasak},
 year = {2003},
 isbn = {1-59140-056-2},
 pages = {51--74},
 numpages = {24},
 url = {http://portal.acm.org/citation.cfm?id=887006.887010},
 acmid = {887010},
 publisher = {IGI Publishing},
 address = {Hershey, PA, USA},
}

% ------ test
%incollection{Kong:2003:IEC:887006.887010,
% author = {Kong, Wei-Chang},
% chapter = {The implementation of electronic commerce in SMEs in Singapore (Incoll-text-in-chap)},
% booktitle = {booktitle E-commerce and cultural values},
% title =   {The title},
% editor = {Thanasankit, Theerasak},
% year = {2003},
% isbn = {1-59140-056-2},
% pages = {51--74},
% numpages = {24},
% url = {http://portal.acm.org/citation.cfm?id=887006.887010},
% acmid = {887010},
% publisher = {IGI Publishing},
% address = {Hershey, PA, USA},
%}


% ---------





% Need inbook with num in chapter

% and inbook with number in chapter
@InBook{Kong:2004:IEC:123456.887010,
  author =      {Kong, Wei-Chang},
  editor =      {Theerasak Thanasankit},
  title =       {E-commerce and cultural values - (InBook-num-in-chap)},
  chapter =     {9},
  year =        {2004},
  address =     {Hershey, PA, USA},
  publisher =   {IGI Publishing},
  url =         {http://portal.acm.org/citation.cfm?id=887006.887010},
  pages =       {51--74},
  numpages =    {24},
  acmid =       {887010},
  isbn =        {1-59140-056-2},
  number =      "",
  type =        "",
  month =       "",
  note =        "",
}


% and inbook with text in chapter
@Inbook{Kong:2005:IEC:887006.887010,
  author =      {Kong, Wei-Chang},
  editor =      {Theerasak Thanasankit},
  title =       {E-commerce and cultural values (Inbook-text-in-chap)},
  chapter =     {The implementation of electronic commerce in SMEs in Singapore},
  year =        {2005},
  address =     {Hershey, PA, USA},
  publisher =   {IGI Publishing},
  url =         {http://portal.acm.org/citation.cfm?id=887006.887010},
  type =        {Chapter:},
  pages =       {51--74},
  numpages =    {24},
  acmid =       {887010},
  isbn =        {1-59140-056-2},
  number =      "",
  month =       "",
  note =        "",
}


% and inbook with a num and type field
@Inbook{Kong:2006:IEC:887006.887010,
  author =      {Kong, Wei-Chang},
  editor =      {Theerasak Thanasankit},
  title =       {E-commerce and cultural values (Inbook-num chap)},
  chapter =     {22},
  year =        {2006},
  address =     {Hershey, PA, USA},
  publisher =   {IGI Publishing},
  url =         {http://portal.acm.org/citation.cfm?id=887006.887010},
  type =        {Chapter (in type field)},
  pages =       {51--74},
  numpages =    {24},
  acmid =       {887010},
  isbn =        {1-59140-056-2},
  number =      "",
  month =       "",
  note =        "",
}


% and incol coz we have a BLANK chapter - due to presence of editor
%atIncollection{Kong:2006:IEC:887006.887011,
%  author =     {Kong, Wei-Chang},
%  editor =     {Theerasak Thanasankit},
%  title =      "The title"
%  booktitle =  {E-commerce and cultural values (Incol-coz-blank-chap)},
%  year =       {2006},
%  address =    {Hershey, PA, USA},
%  publisher =  {IGI Publishing},
%  url =        {http://portal.acm.org/citation.cfm?id=887006.887010},
%  type =       {Type!},
%  chapter =    {},
%  pages =      {51--74},
%  numpages =   {24},
%  acmid =      {887010},
%  isbn =       {1-59140-056-2},
%  number =     "",
%  month =      "",
%  note =       "",
%}

@article{SaeediMEJ10,
            author = {Mehdi Saeedi and Morteza Saheb Zamani and Mehdi Sedighi},
            title = {A library-based synthesis methodology for reversible logic},
            journal = {Microelectron. J.},
            volume = {41},
            number = {4},
            month = apr,
            year = {2010},
            pages = {185--194},
}

@ARTICLE{SaeediJETC10,
            author = {Mehdi Saeedi and Morteza Saheb Zamani and Mehdi Sedighi and Zahra Sasanian},
            title = {Synthesis of Reversible Circuit Using Cycle-Based Approach},
            journal = {J. Emerg. Technol. Comput. Syst.},
            volume = {6},
            number = {4},
            month = dec,
            year = {2010}
            }

% Asad's new version
@article{Kirschmer:2010:AEI:1958016.1958018,
 author = {Kirschmer, Markus and Voight, John},
 title = {Algorithmic Enumeration of Ideal Classes for Quaternion Orders},
 journal = {SIAM J. Comput.},
 issue_date = {January 2010},
 volume = {39},
 number = {5},
 month = jan,
 year = {2010},
 issn = {0097-5397},
 pages = {1714--1747},
 numpages = {34},
 url = {http://dx.doi.org/10.1137/080734467},
 doi = {https://doi.org/10.1137/080734467},
 acmid = {1958018},
 publisher = {Society for Industrial and Applied Mathematics},
 address = {Philadelphia, PA, USA},
 keywords = {ideal classes, maximal orders, number theory, quaternion algebras},
}


% incol due to presence of booktitle
@incollection{Hoare:1972:CIN:1243380.1243382,
 author = {Hoare, C. A. R.},
 title = {Chapter II: Notes on data structuring},
 booktitle = {Structured programming (incoll)},
 editor = {Dahl, O. J. and Dijkstra, E. W. and Hoare, C. A. R.},
 year = {1972},
 isbn = {0-12-200550-3},
 pages = {83--174},
 numpages = {92},
 url = {http://portal.acm.org/citation.cfm?id=1243380.1243382},
 acmid = {1243382},
 publisher = {Academic Press Ltd.},
 address = {London, UK, UK},
}

% incol due to presence of booktitle
@incollection{Lee:1978:TQA:800025.1198348,
 author = {Lee, Jan},
 title = {Transcript of question and answer session},
 booktitle = {History of programming languages I (incoll)},
 editor = {Wexelblat, Richard L.},
 year = {1981},
 isbn = {0-12-745040-8},
 pages = {68--71},
 numpages = {4},
 url = {http://doi.acm.org/10.1145/800025.1198348},
 doi = {http://doi.acm.org/10.1145/800025.1198348},
 acmid = {1198348},
 publisher = {ACM},
 address = {New York, NY, USA},
}

% incol due to booktitle
@incollection{Dijkstra:1979:GSC:1241515.1241518,
 author = {Dijkstra, E.},
 title = {Go to statement considered harmful},
 booktitle = {Classics in software engineering (incoll)},
 year = {1979},
 isbn = {0-917072-14-6},
 pages = {27--33},
 numpages = {7},
 url = {http://portal.acm.org/citation.cfm?id=1241515.1241518},
 acmid = {1241518},
 publisher = {Yourdon Press},
 address = {Upper Saddle River, NJ, USA},
}

% incol due to booktitle
@incollection{Wenzel:1992:TVA:146022.146089,
 author = {Wenzel, Elizabeth M.},
 title = {Three-dimensional virtual acoustic displays},
 booktitle = {Multimedia interface design (incoll)},
 year = {1992},
 isbn = {0-201-54981-6},
 pages = {257--288},
 numpages = {32},
 url = {http://portal.acm.org/citation.cfm?id=146022.146089},
 doi = {10.1145/146022.146089},
 acmid = {146089},
 publisher = {ACM},
 address = {New York, NY, USA},
}

% incol due to booktitle
@incollection{Mumford:1987:MES:54905.54911,
 author = {Mumford, E.},
 title = {Managerial expert systems and organizational change: some critical research issues},
 booktitle = {Critical issues in information systems research (incoll)},
 year = {1987},
 isbn = {0-471-91281-6},
 pages = {135--155},
 numpages = {21},
 url = {http://portal.acm.org/citation.cfm?id=54905.54911},
 acmid = {54911},
 publisher = {John Wiley \& Sons, Inc.},
 address = {New York, NY, USA},
}

@book{McCracken:1990:SSC:575315,
 author = {McCracken, Daniel D. and Golden, Donald G.},
 title = {Simplified Structured COBOL with Microsoft/MicroFocus COBOL},
 year = {1990},
 isbn = {0471514071},
 publisher = {John Wiley \& Sons, Inc.},
 address = {New York, NY, USA},
}

% Let's include Boris / BBeeton entries  (multi-volume works)

@book {MR781537,
    AUTHOR = {H{\"o}rmander, Lars},
     TITLE = {The analysis of linear partial differential operators. {III}},
    SERIES = {Grundlehren der Mathematischen Wissenschaften [Fundamental
              Principles of Mathematical Sciences]},
    VOLUME = {275},
      NOTE = {Pseudodifferential operators},
PUBLISHER = {Springer-Verlag},
   ADDRESS = {Berlin, Germany},
      YEAR = {1985},
     PAGES = {viii+525},
      ISBN = {3-540-13828-5},
   MRCLASS = {35-02 (35Sxx 47G05 58G15)},
  MRNUMBER = {781536 (87d:35002a)},
MRREVIEWER = {Min You Qi},
}

@book {MR781536,
    AUTHOR = {H{\"o}rmander, Lars},
     TITLE = {The analysis of linear partial differential operators. {IV}},
    SERIES = {Grundlehren der Mathematischen Wissenschaften [Fundamental
              Principles of Mathematical Sciences]},
    VOLUME = {275},
      NOTE = {Fourier integral operators},
PUBLISHER = {Springer-Verlag},
   ADDRESS = {Berlin, Germany},
      YEAR = {1985},
     PAGES = {vii+352},
      ISBN = {3-540-13829-3},
   MRCLASS = {35-02 (35Sxx 47G05 58G15)},
  MRNUMBER = {781537 (87d:35002b)},
MRREVIEWER = {Min You Qi},
}

%%%%%%%%%%%%%%%%%%%%%% Start of Aptara sample bib entries

% acmsmall-sam.bib
@InProceedings{Adya-01,
  author        = {A. Adya and P. Bahl and J. Padhye and A.Wolman and L. Zhou},
  title         = {A multi-radio unification protocol for {IEEE} 802.11 wireless networks},
  booktitle     = {Proceedings of the IEEE 1st International Conference on Broadnets Networks (BroadNets'04)},
  publisher     = "IEEE",
  address       = "Los Alamitos, CA",
  year          = {2004},
  pages         = "210--217"
}

@article{Akyildiz-01,
  author        = {I. F. Akyildiz and W. Su and Y. Sankarasubramaniam and E. Cayirci},
  title         = {Wireless Sensor Networks: A Survey},
  journal       = {Comm. ACM},
  volume        = 38,
  number        = "4",
  year          = {2002},
  pages         = "393--422"
}

@article{Akyildiz-02,
  author        = {I. F. Akyildiz and T. Melodia and K. R. Chowdhury},
  title         = {A Survey on Wireless Multimedia Sensor Networks},
  journal       = {Computer Netw.},
  volume        = 51,
  number        = "4",
  year          = {2007},
  pages         = "921--960"
}

@InProceedings{Bahl-02,
  author        = {P. Bahl and R. Chancre and J. Dungeon},
  title         = {{SSCH}: Slotted Seeded Channel Hopping for Capacity Improvement in {IEEE} 802.11 Ad-Hoc Wireless Networks},
  booktitle     = {Proceeding of the 10th International Conference on Mobile Computing and Networking (MobiCom'04)},
  publisher     = "ACM",
  address       = "New York, NY",
  year          = {2004},
  pages         = "112--117"
}

@misc{CROSSBOW,
  key       = {CROSSBOW},
  title     = {{XBOW} Sensor Motes Specifications},
  note      = {http://www.xbow.com},
  year      = 2008
}

@article{Culler-01,
  author        = {D. Culler and D. Estrin and M. Srivastava},
  title         = {Overview of Sensor Networks},
  journal       = {IEEE Comput.},
  volume        = 37,
  number        = "8 (Special Issue on Sensor Networks)",
  publisher     = "IEEE",
  address       = "Los Alamitos, CA",
  year          = {2004},
  pages         = "41--49"
}

@misc{Harvard-01,
    key         = {Harvard CodeBlue},
    title       = {{CodeBlue}: Sensor Networks for Medical Care},
    note        = {http://www.eecs.harvard.edu/mdw/ proj/codeblue/},
    year        = 2008
}

@InProceedings{Natarajan-01,
    author      = {A. Natarajan and M. Motani and B. de Silva and K. Yap and K. C. Chua},
    title       = {Investigating Network Architectures for Body Sensor Networks},
    booktitle   = {Network Architectures},
    editor      = {G. Whitcomb and P. Neece},
    publisher   = "Keleuven Press",
    address     = "Dayton, OH",
    year        = {2007},
    pages       = "322--328",
    eprint      = "960935712",
    primaryclass = "cs",
}

@techreport{Tzamaloukas-01,
  author        = {A. Tzamaloukas and J. J. Garcia-Luna-Aceves},
  title         = {Channel-Hopping Multiple Access},
  number =        {I-CA2301},
  institution =   {Department of Computer Science, University of California},
  address =       {Berkeley, CA},
  year          = {2000}
}

@BOOK{Zhou-06,
  author        = {G. Zhou and J. Lu and C.-Y. Wan and M. D. Yarvis and J. A. Stankovic},
  title         = {Body Sensor Networks},
  publisher     = "MIT Press",
  address       = "Cambridge, MA",
  year          = {2008}
}

@mastersthesis{ko94,
author = "Jacob Kornerup",
title = "Mapping Powerlists onto Hypercubes",
school = "The University of Texas at Austin",
note = "(In preparation)",
year = "1994"}
%month = "dec",}

@PhdThesis{gerndt:89,
  author =       "Michael Gerndt",
  title =        "Automatic Parallelization for Distributed-Memory
                  Multiprocessing Systems",
  school =       "University of Bonn",
  year =         1989,
  address =      "Bonn, Germany",
  month =        dec
}

@article{6:1:1,
author = "J. E. {Archer, Jr.} and R. Conway and F. B. Schneider",
title = "User recovery and reversal in interactive systems",
journal = "ACM Trans. Program. Lang. Syst.",
volume =  "6",
number = "1",
month = jan,
year = 1984,
pages = "1--19"}

@article{7:1:137,
author = "D. D. Dunlop and V. R. Basili",
title = "Generalizing specifications for uniformly implemented loops",
journal = "ACM Trans. Program. Lang. Syst.",
volume =  "7",
number = "1",
month = jan,
year = 1985,
pages = "137--158"}

@article{7:2:183,
author = "J. Heering and P. Klint",
title = "Towards monolingual programming environments",
journal = "ACM Trans. Program. Lang. Syst.",
volume =  "7",
number = "2",
month = apr,
year = 1985,
pages = "183--213"}

@book{knuth:texbook,
author = "Donald E. Knuth",
title = "The {\TeX{}book}",
publisher = "Addison-Wesley",
address = "Reading, MA.",
year = 1984}

@article{6:3:380,
author = "E. Korach and D.  Rotem and N. Santoro",
title = "Distributed algorithms for finding centers and medians in networks",
journal = "ACM Trans. Program. Lang. Syst.",
volume =  "6",
number = "3",
month = jul,
year = 1984,
pages = "380--401"}

@book{Lamport:LaTeX,
author = "Leslie Lamport",
title = "\it {\LaTeX}: A Document Preparation System",
publisher = "Addison-Wesley",
address = "Reading, MA.",
year = 1986}

@article{7:3:359,
author = "F. Nielson",
title = "Program transformations in a denotational setting",
journal = "ACM Trans. Program. Lang. Syst.",
volume =  "7",
number = "3",
month = jul,
year = 1985,
pages = "359--379"}

%testing
@BOOK{test,
   author = "Donald E. Knuth",
   title = "Seminumerical Algorithms",
   volume = 2,
   series = "The Art of Computer Programming",
   publisher = "Addison-Wesley",
   address = "Reading, MA",
   edition = "2nd",
   month = "10~" # jan,
   year = "1981",
}

@inproceedings{reid:scribe,
author = "Brian K. Reid",
title = "A high-level approach to computer document formatting",
booktitle = "Proceedings of the 7th Annual Symposium on Principles of
  Programming Languages",
month = jan,
year = 1980,
publisher = "ACM",
address = "New York",
pages = "24--31"}

@article{Zhou:2010:MMS:1721695.1721705,
 author = {Zhou, Gang and Wu, Yafeng and Yan, Ting and He, Tian and Huang, Chengdu and Stankovic, John A. and Abdelzaher, Tarek F.},
 title = {A multifrequency MAC specially designed for wireless sensor network applications},
 journal = {ACM Trans. Embed. Comput. Syst.},
 issue_date = {March 2010},
 volume = 9,
 number = 4,
 month = {April},
 year = 2010,
 issn = {1539-9087},
 pages = {39:1--39:41},
 articleno = 39,
 numpages = 41,
 url = {http://doi.acm.org/10.1145/1721695.1721705},
 doi = {10.1145/1721695.1721705},
 acmid = 1721705,
 publisher = {ACM},
 address = {New York, NY, USA},
 keywords = {Wireless sensor networks, media access control, multi-channel, radio interference, time synchronization},
}


@online{TUGInstmem,
  key =          {TUG},
  year  =        2017,
  title =        "Institutional members of the {\TeX} Users Group",
  url =          "http://wwtug.org/instmem.html",
  lastaccessed = "May 27, 2017",
}

@online{CTANacmart,
  author =    {Boris Veytsman},
  title =  {acmart---{C}lass for typesetting publications of {ACM}},
  year = 2017,
  url =    {http://www.ctan.org/pkg/acmart},
  lastaccessed = {May 27, 2017}
  }

@ARTICLE{bowman:reasoning,
    author = {Bowman, Mic and Debray, Saumya K. and Peterson, Larry L.},
    title = {Reasoning About Naming Systems},
    journal = {ACM Trans. Program. Lang. Syst.},
    volume = {15},
    number = {5},
    pages = {795-825},
    month = {November},
    year = {1993},
    doi = {10.1145/161468.161471},
}

@ARTICLE{braams:babel,
    author = {Braams, Johannes},
    title = {Babel, a Multilingual Style-Option System for Use with LaTeX's Standard Document Styles},
    journal = {TUGboat},
    volume = {12},
    number = {2},
    pages = {291-301},
    month = {June},
    year = {1991},
}

@INPROCEEDINGS{clark:pct,
  AUTHOR = "Malcolm Clark",
  TITLE = "Post Congress Tristesse",
  BOOKTITLE = "TeX90 Conference Proceedings",
  PAGES = "84-89",
  ORGANIZATION = "TeX Users Group",
  MONTH = "March",
  YEAR = {1991}
}

@ARTICLE{herlihy:methodology,
    author = {Herlihy, Maurice},
    title = {A Methodology for Implementing Highly Concurrent Data Objects},
    journal = {ACM Trans. Program. Lang. Syst.},
    volume = {15},
    number = {5},
    pages = {745-770},
    month = {November},
    year = {1993},
    doi = {10.1145/161468.161469},
}

@BOOK{salas:calculus,
  AUTHOR = "S.L. Salas and Einar Hille",
  TITLE = "Calculus: One and Several Variable",
  PUBLISHER = "John Wiley and Sons",
  ADDRESS = "New York",
  YEAR = "1978"
}

@MANUAL{Fear05,
  title =        {Publication quality tables in {\LaTeX}},
  author =       {Simon Fear},
  month =        {April},
  year =         2005,
  note =         {\url{http://www.ctan.org/pkg/booktabs}}
}

@Manual{Amsthm15,
  title =        {Using the amsthm Package},
  organization = {American Mathematical Society},
  month =        {April},
  year =         2015,
  note =         {\url{http://www.ctan.org/pkg/amsthm}}
}

@ArtifactSoftware{R,
    title = {R: A Language and Environment for Statistical Computing},
    author = {{R Core Team}},
    organization = {R Foundation for Statistical Computing},
    address = {Vienna, Austria},
    year = {2019},
    url = {https://www.R-project.org/},
}

@ArtifactDataset{UMassCitations,
 author    =  {Sam Anzaroot and Andrew McCallum},
 title     =  {{UMass} Citation Field Extraction Dataset},
 year      = 2013,
 url       =
    {http://www.iesl.cs.umass.edu/data/data-umasscitationfield},
 lastaccessed = {May 27, 2019}
}

@Eprint{Bornmann2019,
       author = {Bornmann, Lutz and Wray, K. Brad and Haunschild,
                  Robin},
        title = {Citation concept analysis {(CCA)}---A new form of
                  citation analysis revealing the usefulness of
                  concepts for other researchers illustrated by two
                  exemplary case studies including classic books by
                  {Thomas S.~Kuhn} and {Karl R.~Popper}},
     keywords = {Computer Science - Digital Libraries},
         year = 2019,
        month = "May",
          eid = {arXiv:1905.12410},
archivePrefix = {arXiv},
       eprint = {1905.12410},
 primaryClass = {cs.DL},
}

@Eprint{AnzarootPBM14,
  author    = {Sam Anzaroot and
               Alexandre Passos and
               David Belanger and
               Andrew McCallum},
  title     = {Learning Soft Linear Constraints with Application to
                  Citation Field Extraction},
  year      = {2014},
  archivePrefix = {arXiv},
  eprint    = {1403.1349},
}

@inproceedings{Hagerup1993,
title        = {Maintaining Discrete Probability Distributions Optimally},
author       = {Hagerup, Torben and Mehlhorn, Kurt and Munro, J. Ian},
booktitle    = {Proceedings of the 20th International Colloquium on Automata, Languages and Programming},
series       = {Lecture Notes in Computer Science},
volume       = {700},
pages        = {253--264},
year         = {1993},
publisher    = {Springer-Verlag},
address      = {Berlin},
}


%-------------------------------------------------------------------------------------------

@inproceedings{esc50_ds,
  title={ESC: Dataset for environmental sound classification},
  author={Piczak, Karol J},
  booktitle={Proceedings of the 23rd ACM international conference on Multimedia},
  pages={1015--1018},
  year={2015}
}

@url{aud_tool,
  author = {Ellis, D. P. W. },
  title  = {Gammatone-like spectrogram},
  url   = {http://www.ee.columbia.edu/ dpwe/resources/matlab/ gammatonegram},
  year = {2009}
}

@misc{dcase_web,
  title={DCASE Challenges Task 1A},
  author={Detection and Classification of Acoustic Scenes and Events Community},
  year={2021},
  howpublished={\url{http://dcase.community/challenge2021}},
}

@misc{our_dataset,
  title={A dataset of five crowded scenes},
  author={Pham, Lam and others},
  year={2022},
  howpublished={\url{https://zenodo.org/record/5774751\#.Ybc9R5pKhhE}},
}
@misc{our_demo,
  title={An application demo for audio-visual crowded scene classification},
  author={Pham, Lam and others},
  year={2022},
  howpublished={\url{https://github.com/phamdanglam1986/An-application-demo-of-audio-visual-crowded-scene-classification-}},
}


@INPROCEEDINGS{aud_vis_ana,
  author={Sarman, Sercan and Sert, Mustafa},
  booktitle={Proc. ISDFS},
  title={Audio based violent scene classification using ensemble learning},
  year={2018},
  pages={1-5}
}

@inproceedings{audioset,
title	= {Audio Set: An ontology and human-labeled dataset for audio events},
author	= {Jort F. Gemmeke and Daniel P. W. Ellis and Dylan Freedman and Aren Jansen and Wade Lawrence and R. Channing Moore and Manoj Plakal and Marvin Ritter},
booktitle	= {Proc. ICASSP},
year	= {2017}
}



% ----- here ------ % 

@article{guo2022attention,
  title={Attention mechanisms in computer vision: A survey},
  author={Guo, Meng-Hao and Xu, Tian-Xing and Liu, Jiang-Jiang and Liu, Zheng-Ning and Jiang, Peng-Tao and Mu, Tai-Jiang and Zhang, Song-Hai and Martin, Ralph R and Cheng, Ming-Ming and Hu, Shi-Min},
  journal={Computational Visual Media},
  pages={1--38},
  year={2022},
  publisher={Springer}
}

@inproceedings{hu2018squeeze,
  title={Squeeze-and-excitation networks},
  author={Hu, Jie and Shen, Li and Sun, Gang},
  booktitle={Proceedings of the IEEE conference on computer vision and pattern recognition},
  pages={7132--7141},
  year={2018}
}



@inproceedings{woo2018cbam,
  title={Cbam: Convolutional block attention module},
  author={Woo, Sanghyun and Park, Jongchan and Lee, Joon-Young and Kweon, In So},
  booktitle={Proceedings of the European conference on computer vision (ECCV)},
  pages={3--19},
  year={2018}
}

@article{zhao2020remote,
  title={Remote sensing image scene classification based on an enhanced attention module},
  author={Zhao, Zhicheng and Li, Jiaqi and Luo, Ze and Li, Jian and Chen, Can},
  journal={IEEE Geoscience and Remote Sensing Letters},
  volume={18},
  number={11},
  pages={1926--1930},
  year={2020},
  publisher={IEEE}
}

@article{guo2019global,
  title={Global-local attention network for aerial scene classification},
  author={Guo, Yiyou and Ji, Jinsheng and Lu, Xiankai and Huo, Hong and Fang, Tao and Li, Deren},
  journal={IEEE Access},
  volume={7},
  pages={67200--67212},
  year={2019},
  publisher={IEEE}
}

@article{Zhao_2022,
	doi = {10.1109/tgrs.2021.3126770},
	url = {https://doi.org/10.1109%2Ftgrs.2021.3126770},
	year = 2022,
	publisher = {Institute of Electrical and Electronics Engineers ({IEEE})},
	volume = {60},
	pages = {1--15},
	author = {Qi Zhao and Yujing Ma and Shuchang Lyu and Lijiang Chen},
	title = {Embedded Self-Distillation in Compact Multibranch Ensemble Network for Remote Sensing Scene Classification},
	journal = {{IEEE} Transactions on Geoscience and Remote Sensing}
}

@inproceedings{zhang2020remote,
  title={Remote sensing image retrieval based on DenseNet model and CBAM},
  author={Zhang, Yongmei and Xu, Min and Li, Xiaodong},
  booktitle={2020 IEEE 3rd International Conference on Computer and Communication Engineering Technology (CCET)},
  pages={86--90},
  year={2020},
  organization={IEEE}
}

@article{chen2021new,
  title={A new CBAM-P-Net model for few-shot forest species classification using airborne hyperspectral images},
  author={Chen, Long and Tian, Xiaomin and Chai, Guoqi and Zhang, Xiaoli and Chen, Erxue},
  journal={Remote Sensing},
  volume={13},
  number={7},
  pages={1269},
  year={2021},
  publisher={MDPI}
}

@inproceedings{tan2019efficientnet,
  title={Efficientnet: Rethinking model scaling for convolutional neural networks},
  author={Tan, Mingxing and Le, Quoc},
  booktitle={International conference on machine learning},
  pages={6105--6114},
  year={2019},
  organization={PMLR}
}

@InProceedings{wang2020eca,
   title={ECA-Net: Efficient Channel Attention for Deep Convolutional Neural Networks},
   author={Qilong Wang, Banggu Wu, Pengfei Zhu, Peihua Li, Wangmeng Zuo and Qinghua Hu},
   booktitle = {The IEEE Conference on Computer Vision and Pattern Recognition (CVPR)},
   year={2020}
 }
 
 @inproceedings{deng2009imagenet,
  title={Imagenet: A large-scale hierarchical image database},
  author={Deng, Jia and Dong, Wei and Socher, Richard and Li, Li-Jia and Li, Kai and Fei-Fei, Li},
  booktitle={2009 IEEE conference on computer vision and pattern recognition},
  pages={248--255},
  year={2009},
  organization={Ieee}
}

@misc{chollet2015keras,
  title={Keras},
  author={Chollet, Fran\c{c}ois and others},
  year={2015},
  howpublished={\url{https://keras.io}},
}

@inproceedings{yang2010bag,
  title={Bag-of-visual-words and spatial extensions for land-use classification},
  author={Yang, Yi and Newsam, Shawn},
  booktitle={Proceedings of the 18th SIGSPATIAL international conference on advances in geographic information systems},
  pages={270--279},
  year={2010}
}

@InProceedings{Xia2010WHURS19,
title={Structural high-resolution satellite image indexing},
author={Gui-Song Xia and Wen Yang and Julie Delon and Yann Gousseau and Hong Sun and Henri MaÎtre},
journal={ Symposium: 100 Years ISPRS - Advancing Remote Sensing Science},
year={2010},
address={Vienna, Austria},
}

@Article{Dai2011WHURS19,
title={Satellite Image Classification via Two-Layer Sparse Coding With Biased Image Representation},
author={Dengxin Dai and Wen Yang},
journal={IEEE Transactions on Geoscience and Remote Sensing},
year={2011},
volume={8},
number={1},
pages={173-176}
}

@article{cheng2014multi,
  title={Multi-class geospatial object detection and geographic image classification based on collection of part detectors},
  author={Cheng, Gong and Han, Junwei and Zhou, Peicheng and Guo, Lei},
  journal={ISPRS Journal of Photogrammetry and Remote Sensing},
  volume={98},
  pages={119--132},
  year={2014},
  publisher={Elsevier}
}

@article{cheng2016survey,
  title={A survey on object detection in optical remote sensing images},
  author={Cheng, Gong and Han, Junwei},
  journal={ISPRS Journal of Photogrammetry and Remote sensing},
  volume={117},
  pages={11--28},
  year={2016},
  publisher={Elsevier}
}

@article{cheng2016learning,
  title={Learning rotation-invariant convolutional neural networks for object detection in VHR optical remote sensing images},
  author={Cheng, Gong and Zhou, Peicheng and Han, Junwei},
  journal={IEEE Transactions on Geoscience and Remote Sensing},
  volume={54},
  number={12},
  pages={7405--7415},
  year={2016},
  publisher={IEEE}
}

@inproceedings{basu2015deepsat,
  title={Deepsat: a learning framework for satellite imagery},
  author={Basu, Saikat and Ganguly, Sangram and Mukhopadhyay, Supratik and DiBiano, Robert and Karki, Manohar and Nemani, Ramakrishna},
  booktitle={Proceedings of the 23rd SIGSPATIAL international conference on advances in geographic information systems},
  pages={1--10},
  year={2015}
}

@article{zou2015deep,
  title={Deep learning based feature selection for remote sensing scene classification},
  author={Zou, Qin and Ni, Lihao and Zhang, Tong and Wang, Qian},
  journal={IEEE Geoscience and Remote Sensing Letters},
  volume={12},
  number={11},
  pages={2321--2325},
  year={2015},
  publisher={IEEE}
}

@article{zhao2015dirichlet,
  title={Dirichlet-derived multiple topic scene classification model for high spatial resolution remote sensing imagery},
  author={Zhao, Bei and Zhong, Yanfei and Xia, Gui-Song and Zhang, Liangpei},
  journal={IEEE Transactions on Geoscience and Remote Sensing},
  volume={54},
  number={4},
  pages={2108--2123},
  year={2015},
  publisher={IEEE}
}

@article{zhao2016fisher,
  title={The Fisher kernel coding framework for high spatial resolution scene classification},
  author={Zhao, Bei and Zhong, Yanfei and Zhang, Liangpei and Huang, Bo},
  journal={Remote Sensing},
  volume={8},
  number={2},
  pages={157},
  year={2016},
  publisher={MDPI}
}

@article{zhu2016bag,
  title={Bag-of-visual-words scene classifier with local and global features for high spatial resolution remote sensing imagery},
  author={Zhu, Qiqi and Zhong, Yanfei and Zhao, Bei and Xia, Gui-Song and Zhang, Liangpei},
  journal={IEEE Geoscience and Remote Sensing Letters},
  volume={13},
  number={6},
  pages={747--751},
  year={2016},
  publisher={IEEE}
}

@article{xia2017aid,
  title={AID: A benchmark data set for performance evaluation of aerial scene classification},
  author={Xia, Gui-Song and Hu, Jingwen and Hu, Fan and Shi, Baoguang and Bai, Xiang and Zhong, Yanfei and Zhang, Liangpei and Lu, Xiaoqiang},
  journal={IEEE Transactions on Geoscience and Remote Sensing},
  volume={55},
  number={7},
  pages={3965--3981},
  year={2017},
  publisher={IEEE}
}

@article{cheng2017remote,
  title={Remote sensing image scene classification: Benchmark and state of the art},
  author={Cheng, Gong and Han, Junwei and Lu, Xiaoqiang},
  journal={Proceedings of the IEEE},
  volume={105},
  number={10},
  pages={1865--1883},
  year={2017},
  publisher={IEEE}
}

@article{vaswani2017attention,
  title={Attention is all you need},
  author={Vaswani, Ashish and Shazeer, Noam and Parmar, Niki and Uszkoreit, Jakob and Jones, Llion and Gomez, Aidan N and Kaiser, {\L}ukasz and Polosukhin, Illia},
  journal={Advances in neural information processing systems},
  volume={30},
  year={2017}
}

@article{pham2022remote,
  title={Remote Sensing Image Classification using Transfer Learning and Attention Based Deep Neural Network},
  author={Pham, Lam and Tran, Khoa and Ngo, Dat and Lampert, Jasmin and Schindler, Alexander},
  journal={arXiv preprint arXiv:2206.13392},
  year={2022}
}

@inproceedings{he2016deep,
  title={Deep residual learning for image recognition},
  author={He, Kaiming and Zhang, Xiangyu and Ren, Shaoqing and Sun, Jian},
  booktitle={Proceedings of the IEEE conference on computer vision and pattern recognition},
  pages={770--778},
  year={2016}
}


@article{zhao2021mgml,
  title={MGML: multigranularity multilevel feature ensemble network for remote sensing scene classification},
  author={Zhao, Qi and Lyu, Shuchang and Li, Yuewen and Ma, Yujing and Chen, Lijiang},
  journal={IEEE Transactions on Neural Networks and Learning Systems},
  year={2021},
  publisher={IEEE}
}

@article{zhang2021best,
  title={Best representation branch model for remote sensing image scene classification},
  author={Zhang, Xinqi and An, Weining and Sun, Jinggong and Wu, Hang and Zhang, Wenchang and Du, Yaohua},
  journal={IEEE Journal of Selected Topics in Applied Earth Observations and Remote Sensing},
  volume={14},
  pages={9768--9780},
  year={2021},
  publisher={IEEE}
}

@article{li2021gated,
  title={Gated recurrent multiattention network for VHR remote sensing image classification},
  author={Li, Boyang and Guo, Yulan and Yang, Jungang and Wang, Longguang and Wang, Yingqian and An, Wei},
  journal={IEEE Transactions on Geoscience and Remote Sensing},
  volume={60},
  pages={1--13},
  year={2021},
  publisher={IEEE}
}

@article{yang2021weld,
  title={Weld defect classification in radiographic images using unified deep neural network with multi-level features},
  author={Yang, Lu and Jiang, Hongquan},
  journal={Journal of Intelligent Manufacturing},
  volume={32},
  number={2},
  pages={459--469},
  year={2021},
  publisher={Springer}
}

@article{thapa2009urban,
  title={Urban mapping, accuracy, \& image classification: A comparison of multiple approaches in Tsukuba City, Japan},
  author={Thapa, Rajesh Bahadur and Murayama, Yuji},
  journal={Applied geography},
  volume={29},
  number={1},
  pages={135--144},
  year={2009},
  publisher={Elsevier}
}

@book{netzband2007applied,
  title={Applied remote sensing for urban planning, governance and sustainability},
  author={Netzband, Maik and Stefanov, William L and Redman, Charles},
  year={2007},
  publisher={Springer Science \& Business Media}
}



@article{poursanidis2017remote,
  title={Remote Sensing, natural hazards and the contribution of ESA Sentinels missions},
  author={Poursanidis, Dimitris and Chrysoulakis, Nektarios},
  journal={Remote Sensing Applications: Society and Environment},
  volume={6},
  pages={25--38},
  year={2017},
  publisher={Elsevier}
}
@article{van2013remote,
  title={Remote sensing and GIS for natural hazards assessment and disaster risk management},
  author={Van Westen, Cees J},
  journal={Treatise on geomorphology},
  volume={3},
  pages={259--298},
  year={2013},
  publisher={Academic Press San Diego, CA}
}

@article{feng2015uav,
  title={UAV remote sensing for urban vegetation mapping using random forest and texture analysis},
  author={Feng, Quanlong and Liu, Jiantao and Gong, Jianhua},
  journal={Remote sensing},
  volume={7},
  number={1},
  pages={1074--1094},
  year={2015},
  publisher={MDPI}
}

@article{lary2016machine,
  title={Machine learning in geosciences and remote sensing},
  author={Lary, David J and Alavi, Amir H and Gandomi, Amir H and Walker, Annette L},
  journal={Geoscience Frontiers},
  volume={7},
  number={1},
  pages={3--10},
  year={2016},
  publisher={Elsevier}
}

@book{liu2013essential,
  title={Essential image processing and GIS for remote sensing},
  author={Liu, Jian Guo and Mason, Philippa J},
  year={2013},
  publisher={John Wiley \& Sons}
}

@article{mehmood2022remote,
  title={Remote sensing image classification: A comprehensive review and applications},
  author={Mehmood, Maryam and Shahzad, Ahsan and Zafar, Bushra and Shabbir, Amsa and Ali, Nouman},
  journal={Mathematical Problems in Engineering},
  volume={2022},
  year={2022},
  publisher={Hindawi}
}




@article{simonyan2014very,
  title={Very deep convolutional networks for large-scale image recognition},
  author={Simonyan, Karen and Zisserman, Andrew},
  journal={arXiv preprint arXiv:1409.1556},
  year={2014}
}

@article{wang2018scene,
  title={Scene classification with recurrent attention of VHR remote sensing images},
  author={Wang, Qi and Liu, Shaoteng and Chanussot, Jocelyn and Li, Xuelong},
  journal={IEEE Transactions on Geoscience and Remote Sensing},
  volume={57},
  number={2},
  pages={1155--1167},
  year={2018},
  publisher={IEEE}
}

@article{shabbir2021satellite,
  title={Satellite and scene image classification based on transfer learning and fine tuning of ResNet50},
  author={Shabbir, Amsa and Ali, Nouman and Ahmed, Jameel and Zafar, Bushra and Rasheed, Aqsa and Sajid, Muhammad and Ahmed, Afzal and Dar, Saadat Hanif},
  journal={Mathematical Problems in Engineering},
  volume={2021},
  year={2021},
  publisher={Hindawi}
}

@article{ye2021lightweight,
  title={A Lightweight Model of VGG-16 for Remote Sensing Image Classification},
  author={Ye, Mu and Ruiwen, Ni and Chang, Zhang and He, Gong and Tianli, Hu and Shijun, Li and Yu, Sun and Tong, Zhang and Ying, Guo},
  journal={IEEE Journal of Selected Topics in Applied Earth Observations and Remote Sensing},
  volume={14},
  pages={6916--6922},
  year={2021},
  publisher={IEEE}
}

@article{tong2020channel,
  title={Channel-attention-based DenseNet network for remote sensing image scene classification},
  author={Tong, Wei and Chen, Weitao and Han, Wei and Li, Xianju and Wang, Lizhe},
  journal={IEEE Journal of Selected Topics in Applied Earth Observations and Remote Sensing},
  volume={13},
  pages={4121--4132},
  year={2020},
  publisher={IEEE}
}

@inproceedings{zhang2020transfer,
  title={Transfer learning on EfficientNet for remote sensing image classification},
  author={Zhang, Deyuan and Liu, Zhenghong and Shi, Xiangbin},
  booktitle={2020 5th International Conference on Mechanical, Control and Computer Engineering (ICMCCE)},
  pages={2255--2258},
  year={2020},
  organization={IEEE}
}

@article{zhang2021trs,
  title={TRS: Transformers for remote sensing scene classification},
  author={Zhang, Jianrong and Zhao, Hongwei and Li, Jiao},
  journal={Remote Sensing},
  volume={13},
  number={20},
  pages={4143},
  year={2021},
  publisher={MDPI}
}

@article{russakovsky2015imagenet,
  title={Imagenet large scale visual recognition challenge},
  author={Russakovsky, Olga and Deng, Jia and Su, Hao and Krause, Jonathan and Satheesh, Sanjeev and Ma, Sean and Huang, Zhiheng and Karpathy, Andrej and Khosla, Aditya and Bernstein, Michael and others},
  journal={International journal of computer vision},
  volume={115},
  number={3},
  pages={211--252},
  year={2015},
  publisher={Springer}
}

@inproceedings{yang2008comparing,
  title={Comparing SIFT descriptors and Gabor texture features for classification of remote sensed imagery},
  author={Yang, Yi and Newsam, Shawn},
  booktitle={2008 15th IEEE international conference on image processing},
  pages={1852--1855},
  year={2008},
  organization={IEEE}
}

@inproceedings{elmannai2013support,
  title={Support vector machine for remote sensing image classification},
  author={Elmannai, Hela and Loghmari, Mohamed Anis and Naceur, Mohamed Saber},
  booktitle={Proceedings Engineering \& Technology},
  volume={2},
  pages={68--72},
  year={2013}
}

@inproceedings{elmannai2016new,
  title={A new classification approach based on source separation and feature extraction},
  author={Elmannai, Hela and Loghmari, MohamedAnis and Naceur, Mohamed Saber},
  booktitle={2016 International Symposium on Signal, Image, Video and Communications (ISIVC)},
  pages={137--141},
  year={2016},
  organization={IEEE}
}

@article{sridharan2014bag,
  title={Bag of lines (BoL) for improved aerial scene representation},
  author={Sridharan, Harini and Cheriyadat, Anil},
  journal={IEEE Geoscience and Remote Sensing Letters},
  volume={12},
  number={3},
  pages={676--680},
  year={2014},
  publisher={IEEE}
}

@article{hu2015transferring,
  title={Transferring deep convolutional neural networks for the scene classification of high-resolution remote sensing imagery},
  author={Hu, Fan and Xia, Gui-Song and Hu, Jingwen and Zhang, Liangpei},
  journal={Remote Sensing},
  volume={7},
  number={11},
  pages={14680--14707},
  year={2015},
  publisher={MDPI}
}

@article{wang2022empirical,
  title={An Empirical Study of Remote Sensing Pretraining},
  author={Wang, Di and Zhang, Jing and Du, Bo and Xia, Gui-Song and Tao, Dacheng},
  journal={IEEE Transactions on Geoscience and Remote Sensing},
  year={2022},
  publisher={IEEE}
}

@article{li2020augmentation,
  title={An augmentation attention mechanism for high-spatial-resolution remote sensing image scene classification},
  author={Li, Fengpeng and Feng, Ruyi and Han, Wei and Wang, Lizhe},
  journal={IEEE Journal of Selected Topics in Applied Earth Observations and Remote Sensing},
  volume={13},
  pages={3862--3878},
  year={2020},
  publisher={IEEE}
}

@article{nogueira2017towards,
  title={Towards better exploiting convolutional neural networks for remote sensing scene classification},
  author={Nogueira, Keiller and Penatti, Ot{\'a}vio AB and Dos Santos, Jefersson A},
  journal={Pattern Recognition},
  volume={61},
  pages={539--556},
  year={2017},
  publisher={Elsevier}
}

@article{minetto2019hydra,
  title={Hydra: An ensemble of convolutional neural networks for geospatial land classification},
  author={Minetto, Rodrigo and Segundo, Maur{\'\i}cio Pamplona and Sarkar, Sudeep},
  journal={IEEE Transactions on Geoscience and Remote Sensing},
  volume={57},
  number={9},
  pages={6530--6541},
  year={2019},
  publisher={IEEE}
}

@article{pires2019convolutional,
  title={Convolutional neural network for remote-sensing scene classification: Transfer learning analysis},
  author={Pires de Lima, Rafael and Marfurt, Kurt},
  journal={Remote Sensing},
  volume={12},
  number={1},
  pages={86},
  year={2019},
  publisher={MDPI}
}

@inproceedings{zheng2008k,
  title={A K-means remote sensing image classification method based on AdaBoost},
  author={Zheng, Jian and Cui, Zhanzhong and Liu, Anfei and Jia, Yu},
  booktitle={2008 Fourth International Conference on Natural Computation},
  volume={4},
  pages={27--32},
  year={2008},
  organization={IEEE}
}

@article{du2012multiple,
  title={Multiple classifier system for remote sensing image classification: A review},
  author={Du, Peijun and Xia, Junshi and Zhang, Wei and Tan, Kun and Liu, Yi and Liu, Sicong},
  journal={Sensors},
  volume={12},
  number={4},
  pages={4764--4792},
  year={2012},
  publisher={Molecular Diversity Preservation International (MDPI)}
}

@inproceedings{sun2021mind,
  title={Mind your weight (s): A large-scale study on insufficient machine learning model protection in mobile apps},
  author={Sun, Zhichuang and Sun, Ruimin and Lu, Long and Mislove, Alan},
  booktitle={30th USENIX Security Symposium (USENIX Security 21)},
  pages={1955--1972},
  year={2021}
}

@inproceedings{pajusco2020lightweight,
  title={Lightweight Convolutional Neural Networks on Binaural Waveforms for Low Complexity Acoustic Scene Classification.},
  author={Pajusco, Nicolas and Huang, Richard and Farrugia, Nicolas},
  booktitle={DCASE},
  pages={135--139},
  year={2020}
}

